2019-08-18 15:47:01,546 -  *** {'product_id': 'XRP-EUR', 'type': 'snapshot', 'bids': [['0.2545', '12608'], ['0.2544', '119385'], ['0.2543', '29588'], ['0.2541', '1915'], ['0.254', '22392'], ['0.2537', '800'], ['0.2536', '225051'], ['0.2535', '9440'], ['0.2532', '10090'], ['0.2531', '2763'], ['0.2524', '2000'], ['0.2523', '92319'], ['0.252', '1073'], ['0.2517', '1'], ['0.2513', '3223'], ['0.2512', '2169'], ['0.251', '100'], ['0.2509', '9690'], ['0.2505', '1000'], ['0.2504', '1'], ['0.25', '9780'], ['0.2491', '40'], ['0.249', '3100'], ['0.2487', '11677'], ['0.2482', '56806'], ['0.248', '100'], ['0.2476', '100'], ['0.2472', '15'], ['0.247', '14160'], ['0.2466', '32226'], ['0.2461', '7800'], ['0.246', '100'], ['0.2455', '10000'], ['0.2454', '22483'], ['0.2451', '15'], ['0.245', '100'], ['0.2445', '2500'], ['0.2444', '24454'], ['0.2442', '26015'], ['0.244', '100'], ['0.2436', '414'], ['0.243', '360'], ['0.2427', '22925'], ['0.2425', '80'], ['0.2423', '15'], ['0.242', '10'], ['0.2417', '40'], ['0.2412', '7'], ['0.241', '3952'], ['0.2408', '22372'], ['0.2405', '613'], ['0.2403', '10'], ['0.24', '2590'], ['0.2395', '1'], ['0.2391', '15'], ['0.239', '10'], ['0.2389', '1'], ['0.2387', '20'], ['0.2381', '13'], ['0.238', '11420'], ['0.237', '10'], ['0.2363', '300'], ['0.2361', '15'], ['0.236', '10'], ['0.2353', '3000'], ['0.2351', '4'], ['0.235', '332'], ['0.2349', '50'], ['0.2346', '204'], ['0.234', '30'], ['0.2333', '40'], ['0.2332', '15'], ['0.2331', '433'], ['0.233', '2139'], ['0.2328', '204'], ['0.2325', '500'], ['0.2322', '400'], ['0.232', '2010'], ['0.2312', '305'], ['0.231', '1010'], ['0.2308', '40613'], ['0.2306', '3562'], ['0.2305', '1000'], ['0.2301', '115'], ['0.23', '9219'], ['0.2299', '14'], ['0.2298', '10000'], ['0.2296', '400'], ['0.229', '311'], ['0.2288', '546'], ['0.2282', '30'], ['0.228', '210'], ['0.2278', '31'], ['0.2275', '500'], ['0.2271', '15'], ['0.227', '2142'], ['0.2268', '500'], ['0.226', '142'], ['0.2256', '200'], ['0.2254', '21'], ['0.2252', '15'], ['0.2251', '59'], ['0.225', '9666'], ['0.224', '733'], ['0.2232', '515'], ['0.223', '244'], ['0.2228', '790'], ['0.2225', '555'], ['0.2222', '1000'], ['0.2221', '404'], ['0.222', '1510'], ['0.2212', '10000'], ['0.2211', '30'], ['0.221', '6612'], ['0.2205', '100'], ['0.2201', '200'], ['0.22', '10570'], ['0.219', '1119'], ['0.2187', '24'], ['0.218', '335'], ['0.2179', '250'], ['0.2175', '2000'], ['0.217', '179'], ['0.216', '20'], ['0.2158', '140'], ['0.215', '46554'], ['0.2145', '200'], ['0.214', '720'], ['0.2136', '46'], ['0.2133', '1136'], ['0.2131', '1200'], ['0.213', '20'], ['0.2123', '600'], ['0.2121', '199'], ['0.212', '25'], ['0.2119', '400'], ['0.2118', '380'], ['0.211', '24'], ['0.2102', '522'], ['0.21', '5130'], ['0.2095', '71'], ['0.2094', '1'], ['0.209', '30'], ['0.208', '30'], ['0.2072', '45'], ['0.207', '512'], ['0.206', '30'], ['0.2053', '5'], ['0.205', '21042'], ['0.204', '2030'], ['0.2038', '20'], ['0.203', '30'], ['0.2025', '246'], ['0.2022', '80'], ['0.202', '39'], ['0.2011', '1008'], ['0.201', '5035'], ['0.2002', '45'], ['0.2001', '1992'], ['0.2', '70214'], ['0.1999', '500'], ['0.1998', '355'], ['0.199', '3888'], ['0.198', '339'], ['0.1975', '1012'], ['0.197', '740'], ['0.196', '45'], ['0.1955', '108'], ['0.195', '189669'], ['0.194', '85'], ['0.193', '45'], ['0.1925', '1000'], ['0.192', '45'], ['0.191', '40'], ['0.19', '22433'], ['0.189', '55'], ['0.188', '2050'], ['0.187', '50'], ['0.186', '195'], ['0.185', '6052'], ['0.184', '150'], ['0.183', '55'], ['0.182', '50'], ['0.181', '55'], ['0.1802', '688'], ['0.18', '12223'], ['0.1799', '3000'], ['0.179', '60'], ['0.178', '60'], ['0.1772', '45'], ['0.1771', '60'], ['0.177', '60'], ['0.176', '60'], ['0.175', '6992'], ['0.174', '60'], ['0.173', '65'], ['0.172', '60'], ['0.171', '60'], ['0.17', '371'], ['0.169', '70'], ['0.168', '70'], ['0.167', '75'], ['0.1666', '10'], ['0.1665', '324'], ['0.166', '70'], ['0.165', '1831'], ['0.164', '1270'], ['0.163', '75'], ['0.162', '70'], ['0.161', '70'], ['0.16', '1225'], ['0.1599', '6300'], ['0.159', '80'], ['0.1588', '3500'], ['0.158', '80'], ['0.1578', '54'], ['0.157', '80'], ['0.156', '3080'], ['0.155', '1156'], ['0.154', '80'], ['0.153', '80'], ['0.152', '80'], ['0.1516', '1000'], ['0.1511', '575'], ['0.151', '1095'], ['0.1503', '5'], ['0.15', '15682'], ['0.149', '100'], ['0.148', '100'], ['0.1475', '5'], ['0.147', '100'], ['0.146', '100'], ['0.1452', '5'], ['0.145', '2044'], ['0.144', '100'], ['0.143', '100'], ['0.142', '100'], ['0.1417', '4424'], ['0.141', '700'], ['0.14', '1564'], ['0.139', '110'], ['0.138', '110'], ['0.1372', '5'], ['0.137', '110'], ['0.136', '110'], ['0.135', '2128'], ['0.134', '110'], ['0.1333', '5'], ['0.133', '110'], ['0.1325', '400'], ['0.132', '474'], ['0.131', '110'], ['0.13', '896'], ['0.129', '125'], ['0.128', '120'], ['0.127', '120'], ['0.126', '4125'], ['0.125', '1755'], ['0.124', '125'], ['0.123', '120'], ['0.122', '125'], ['0.121', '120'], ['0.12', '2674'], ['0.1189', '5'], ['0.1175', '48'], ['0.115', '3553'], ['0.1121', '1000'], ['0.112', '917'], ['0.1111', '11'], ['0.11', '18745'], ['0.105', '2599'], ['0.1', '17482'], ['0.0999', '11'], ['0.095', '5690'], ['0.09', '11'], ['0.0888', '11'], ['0.08', '11'], ['0.0788', '1000'], ['0.0777', '11'], ['0.07', '1411'], ['0.0666', '11'], ['0.066', '910'], ['0.06', '10511'], ['0.0555', '11'], ['0.054', '100'], ['0.05', '81891'], ['0.0444', '11'], ['0.0421', '119'], ['0.04', '11'], ['0.0366', '10000'], ['0.0333', '11'], ['0.03', '1012'], ['0.0282', '141'], ['0.0273', '2000'], ['0.025', '10000'], ['0.0222', '11'], ['0.021', '238'], ['0.02', '111'], ['0.015', '20000'], ['0.013', '1000'], ['0.0123', '500000'], ['0.0111', '11'], ['0.0101', '11000'], ['0.01', '15512'], ['0.0099', '11'], ['0.009', '11'], ['0.0088', '11'], ['0.008', '100011'], ['0.0077', '11'], ['0.007', '11'], ['0.0066', '11'], ['0.006', '100011'], ['0.0055', '11'], ['0.005', '11'], ['0.0044', '11'], ['0.004', '11'], ['0.0036', '300000'], ['0.0033', '11'], ['0.0032', '178036'], ['0.003', '39'], ['0.0028', '1000'], ['0.0022', '11'], ['0.002', '11'], ['0.0012', '333412'], ['0.0011', '11'], ['0.001', '100084'], ['0.0009', '11'], ['0.0008', '10011'], ['0.0007', '11'], ['0.0006', '11'], ['0.0005', '11'], ['0.0004', '1510011'], ['0.0003', '11'], ['0.0002', '50011'], ['0.0001', '1111755']], 'asks': [['0.255', '5332'], ['0.2551', '11994'], ['0.2552', '15015'], ['0.2554', '203'], ['0.2557', '22952'], ['0.2559', '22391'], ['0.256', '10'], ['0.2565', '136000'], ['0.2569', '224785'], ['0.257', '10'], ['0.2573', '1'], ['0.2575', '90'], ['0.258', '10'], ['0.2582', '15'], ['0.2583', '3100'], ['0.2589', '187'], ['0.259', '10'], ['0.2591', '771'], ['0.2592', '122'], ['0.26', '8842'], ['0.2608', '15'], ['0.261', '10'], ['0.2615', '10000'], ['0.2616', '70'], ['0.2617', '22482'], ['0.2621', '15'], ['0.2625', '141'], ['0.263', '10'], ['0.2635', '400'], ['0.2638', '23'], ['0.264', '254'], ['0.2643', '39'], ['0.2649', '9752'], ['0.265', '27623'], ['0.2651', '1354'], ['0.266', '2500'], ['0.2669', '205'], ['0.267', '1910'], ['0.2675', '80'], ['0.268', '2095'], ['0.2682', '15'], ['0.269', '939'], ['0.2695', '1000'], ['0.27', '811'], ['0.2702', '15'], ['0.271', '384'], ['0.2712', '15'], ['0.2714', '130'], ['0.2725', '119'], ['0.2727', '130'], ['0.273', '10'], ['0.2731', '15'], ['0.2733', '15'], ['0.2741', '52'], ['0.2742', '92'], ['0.2745', '110'], ['0.2748', '5'], ['0.275', '500'], ['0.2754', '130'], ['0.2756', '76'], ['0.2761', '15'], ['0.2762', '711'], ['0.2768', '130'], ['0.277', '10'], ['0.2775', '80'], ['0.278', '2510'], ['0.2785', '7241'], ['0.2788', '2500'], ['0.279', '91'], ['0.2793', '15'], ['0.28', '26692'], ['0.281', '136'], ['0.2812', '199'], ['0.2815', '15000'], ['0.2816', '3'], ['0.2817', '1'], ['0.282', '74'], ['0.2823', '15'], ['0.2824', '63'], ['0.2825', '82'], ['0.2828', '50'], ['0.2829', '250'], ['0.283', '46'], ['0.2832', '4'], ['0.2837', '3514'], ['0.2838', '2'], ['0.284', '3076'], ['0.2846', '1720'], ['0.2847', '9'], ['0.285', '1096'], ['0.2855', '21'], ['0.286', '36'], ['0.2866', '3'], ['0.2869', '331'], ['0.287', '7949'], ['0.2871', '13'], ['0.2874', '80'], ['0.2875', '160'], ['0.288', '4000'], ['0.2881', '87'], ['0.2885', '12'], ['0.2886', '20'], ['0.2888', '13'], ['0.2889', '2003'], ['0.289', '3257'], ['0.2892', '4538'], ['0.2894', '1500'], ['0.2895', '544'], ['0.2897', '368'], ['0.2899', '201'], ['0.29', '50134'], ['0.2901', '200'], ['0.2906', '1641'], ['0.291', '10'], ['0.2911', '14'], ['0.2913', '31'], ['0.2915', '1880'], ['0.2916', '130'], ['0.292', '1339'], ['0.2921', '10'], ['0.2924', '180'], ['0.2925', '70'], ['0.2927', '362'], ['0.293', '10'], ['0.2931', '13'], ['0.2932', '13'], ['0.2937', '35'], ['0.2938', '3'], ['0.2942', '1338'], ['0.2947', '14'], ['0.2948', '118'], ['0.2949', '4000'], ['0.295', '28599'], ['0.2951', '316'], ['0.2953', '85'], ['0.2954', '20'], ['0.2955', '352'], ['0.2957', '13'], ['0.2958', '15'], ['0.2959', '20'], ['0.296', '21456'], ['0.2961', '13'], ['0.2963', '11'], ['0.2966', '689'], ['0.2967', '361'], ['0.297', '2613'], ['0.2971', '34'], ['0.2975', '70'], ['0.298', '1010'], ['0.2981', '55'], ['0.2985', '30'], ['0.299', '13693'], ['0.2991', '31'], ['0.2995', '513'], ['0.2998', '88'], ['0.2999', '1'], ['0.3', '16481'], ['0.3001', '150'], ['0.301', '98'], ['0.3016', '83'], ['0.302', '8024'], ['0.3025', '470'], ['0.3026', '13'], ['0.3027', '83'], ['0.303', '377'], ['0.3041', '23'], ['0.305', '2904'], ['0.3051', '92'], ['0.306', '10'], ['0.307', '20'], ['0.3071', '124'], ['0.3075', '70'], ['0.308', '458'], ['0.3086', '40'], ['0.309', '10'], ['0.3091', '1'], ['0.3094', '13'], ['0.3097', '10472'], ['0.3099', '1108'], ['0.31', '21946'], ['0.3101', '13'], ['0.3102', '250'], ['0.3103', '81'], ['0.3104', '332'], ['0.3107', '50'], ['0.3108', '81'], ['0.311', '20'], ['0.312', '410'], ['0.3125', '897'], ['0.313', '17734'], ['0.3132', '13'], ['0.3136', '10'], ['0.314', '10'], ['0.315', '105'], ['0.3158', '17018'], ['0.316', '5000'], ['0.3161', '26'], ['0.3163', '13'], ['0.3164', '30'], ['0.317', '10'], ['0.3173', '18'], ['0.3175', '121'], ['0.318', '30'], ['0.3186', '79'], ['0.3187', '190'], ['0.319', '956'], ['0.3192', '23'], ['0.3194', '10'], ['0.3198', '100'], ['0.3199', '2'], ['0.32', '13953'], ['0.321', '10'], ['0.3219', '50'], ['0.322', '313'], ['0.3228', '10'], ['0.323', '10'], ['0.3232', '13'], ['0.3234', '46'], ['0.324', '8034'], ['0.3243', '148'], ['0.3249', '100'], ['0.325', '310'], ['0.3251', '13'], ['0.3255', '110'], ['0.3258', '10'], ['0.3261', '1300'], ['0.3266', '77'], ['0.327', '585'], ['0.3273', '20'], ['0.328', '500'], ['0.3281', '13'], ['0.3286', '50'], ['0.3289', '160'], ['0.329', '10'], ['0.3291', '3'], ['0.3298', '803'], ['0.3299', '1'], ['0.33', '8657'], ['0.3301', '13'], ['0.3302', '4'], ['0.331', '428'], ['0.3312', '38'], ['0.3325', '286'], ['0.333', '3010'], ['0.3333', '20000'], ['0.3341', '13'], ['0.3348', '75'], ['0.335', '1010'], ['0.3351', '10'], ['0.3369', '13'], ['0.337', '160'], ['0.3371', '13'], ['0.3375', '750'], ['0.3382', '11'], ['0.3384', '592'], ['0.3387', '150'], ['0.3389', '1291'], ['0.339', '81'], ['0.3399', '1'], ['0.34', '734'], ['0.3402', '13'], ['0.341', '121'], ['0.3413', '35'], ['0.3419', '300'], ['0.342', '250'], ['0.3423', '20000'], ['0.3425', '1'], ['0.343', '10'], ['0.3432', '24'], ['0.3433', '1016'], ['0.3434', '73'], ['0.3438', '13'], ['0.344', '600'], ['0.3445', '1'], ['0.3448', '20'], ['0.345', '1011'], ['0.3461', '13'], ['0.347', '121'], ['0.3473', '2315'], ['0.3475', '11'], ['0.348', '400'], ['0.3484', '40'], ['0.349', '18727'], ['0.3492', '13'], ['0.3499', '21'], ['0.35', '23260'], ['0.3501', '4054'], ['0.3506', '11'], ['0.3507', '13'], ['0.351', '1023'], ['0.352', '534'], ['0.3524', '2000'], ['0.3526', '82'], ['0.3527', '80'], ['0.353', '10'], ['0.3534', '3040'], ['0.3539', '11'], ['0.3545', '80'], ['0.3549', '390'], ['0.355', '4739'], ['0.3553', '1'], ['0.356', '1314'], ['0.3561', '1'], ['0.3562', '15'], ['0.3563', '6000'], ['0.357', '668'], ['0.3575', '500'], ['0.3576', '13'], ['0.3578', '100'], ['0.3586', '288'], ['0.3587', '110'], ['0.3589', '150'], ['0.359', '10'], ['0.3591', '11'], ['0.3595', '1177'], ['0.3599', '1'], ['0.36', '4506'], ['0.3605', '200'], ['0.361', '10'], ['0.3616', '20'], ['0.362', '424'], ['0.363', '10'], ['0.3639', '2673'], ['0.364', '5'], ['0.3642', '10319'], ['0.3645', '39'], ['0.3646', '1073'], ['0.3647', '60'], ['0.3648', '69'], ['0.3649', '953'], ['0.365', '50201'], ['0.3663', '35'], ['0.3665', '21'], ['0.367', '1110'], ['0.368', '654'], ['0.3685', '211'], ['0.3689', '110'], ['0.369', '1024'], ['0.3694', '40'], ['0.3699', '241'], ['0.37', '7838'], ['0.371', '361'], ['0.3712', '4010'], ['0.372', '20'], ['0.3724', '340'], ['0.3727', '200'], ['0.373', '11'], ['0.3732', '10'], ['0.3733', '1119'], ['0.374', '10'], ['0.3745', '66'], ['0.375', '2647'], ['0.3752', '1'], ['0.3754', '1000'], ['0.3756', '641'], ['0.3758', '16734'], ['0.3763', '13'], ['0.3764', '508'], ['0.3767', '266'], ['0.3768', '10'], ['0.3769', '103'], ['0.377', '1114'], ['0.3775', '35'], ['0.3776', '20'], ['0.378', '3406'], ['0.379', '10'], ['0.3793', '10'], ['0.3798', '28'], ['0.3799', '711'], ['0.38', '60278'], ['0.3802', '20'], ['0.3805', '20'], ['0.3807', '20000'], ['0.381', '10'], ['0.3813', '10'], ['0.3821', '30'], ['0.3823', '4'], ['0.383', '20'], ['0.3831', '10'], ['0.3838', '3992'], ['0.3842', '240'], ['0.3845', '1000'], ['0.385', '2010'], ['0.3852', '10'], ['0.386', '3259'], ['0.387', '51'], ['0.3872', '3000'], ['0.3873', '13'], ['0.388', '1000'], ['0.3887', '46'], ['0.389', '2450'], ['0.3892', '10'], ['0.3899', '1'], ['0.39', '7279'], ['0.3901', '70'], ['0.3902', '23'], ['0.391', '10'], ['0.3912', '10'], ['0.3926', '13331'], ['0.3927', '188'], ['0.393', '4068'], ['0.3938', '33'], ['0.3945', '2000'], ['0.3948', '90'], ['0.395', '255'], ['0.3951', '4080'], ['0.3954', '2'], ['0.3956', '1324'], ['0.3961', '500'], ['0.3963', '172'], ['0.3968', '10'], ['0.3969', '11'], ['0.397', '60'], ['0.3975', '139'], ['0.398', '3085'], ['0.3981', '2'], ['0.3988', '20'], ['0.399', '410'], ['0.3993', '2643'], ['0.3995', '1039'], ['0.3996', '5'], ['0.3999', '1'], ['0.4', '75711'], ['0.4001', '414'], ['0.4007', '10000'], ['0.4009', '128'], ['0.401', '3036'], ['0.4011', '10'], ['0.4021', '20'], ['0.4023', '1'], ['0.403', '160'], ['0.4038', '600'], ['0.4039', '43'], ['0.404', '573'], ['0.4046', '340'], ['0.405', '5092'], ['0.4052', '20'], ['0.4057', '50'], ['0.406', '2806'], ['0.4067', '15'], ['0.4069', '1'], ['0.407', '10'], ['0.408', '2123'], ['0.4083', '13'], ['0.4089', '10'], ['0.409', '1139'], ['0.4094', '200'], ['0.4098', '188'], ['0.4099', '1760'], ['0.41', '16704'], ['0.411', '10'], ['0.4113', '1'], ['0.412', '3379'], ['0.4121', '10'], ['0.4122', '929'], ['0.4123', '5'], ['0.4124', '280'], ['0.4125', '267'], ['0.4127', '390'], ['0.413', '10'], ['0.414', '2'], ['0.4144', '290'], ['0.4145', '33'], ['0.415', '3728'], ['0.4157', '1'], ['0.4164', '10'], ['0.4167', '140'], ['0.417', '10'], ['0.4177', '80'], ['0.4179', '241'], ['0.4182', '30'], ['0.4185', '30'], ['0.4186', '1'], ['0.419', '2499'], ['0.4195', '1975'], ['0.4196', '449'], ['0.4199', '1375'], ['0.42', '36127'], ['0.4202', '6413'], ['0.4205', '10'], ['0.421', '3605'], ['0.4211', '239'], ['0.4213', '5'], ['0.422', '145'], ['0.4224', '300'], ['0.4226', '239'], ['0.4228', '8073'], ['0.4229', '2350'], ['0.423', '245'], ['0.4232', '200'], ['0.424', '5'], ['0.4242', '7546'], ['0.425', '16621'], ['0.4251', '235'], ['0.4256', '2812'], ['0.4257', '20'], ['0.4268', '188'], ['0.4269', '4053'], ['0.427', '689'], ['0.4275', '5'], ['0.428', '3718'], ['0.4286', '10'], ['0.429', '10956'], ['0.4293', '10'], ['0.4296', '20'], ['0.4299', '24250'], ['0.43', '145954'], ['0.4302', '168'], ['0.4303', '41'], ['0.4307', '10'], ['0.4309', '10'], ['0.4311', '125'], ['0.4313', '461'], ['0.4316', '10'], ['0.4319', '10'], ['0.432', '510'], ['0.4325', '3417'], ['0.4329', '8557'], ['0.433', '16071'], ['0.434', '587'], ['0.4341', '90'], ['0.4342', '500'], ['0.4346', '10'], ['0.4349', '1360'], ['0.435', '27725'], ['0.4354', '31'], ['0.436', '20'], ['0.4364', '10'], ['0.4367', '1400'], ['0.4368', '20'], ['0.437', '70'], ['0.4373', '30'], ['0.4375', '20'], ['0.438', '3129'], ['0.4385', '20'], ['0.4389', '50'], ['0.439', '8224'], ['0.4392', '171'], ['0.4393', '30'], ['0.4395', '2530'], ['0.4398', '31'], ['0.4399', '296'], ['0.44', '45036'], ['0.4401', '196'], ['0.4402', '200'], ['0.4407', '119'], ['0.4409', '50'], ['0.4411', '14'], ['0.4412', '1075'], ['0.4415', '20'], ['0.442', '2023'], ['0.4424', '45262'], ['0.4425', '248'], ['0.4427', '30'], ['0.443', '30'], ['0.4433', '20'], ['0.4434', '453'], ['0.4439', '187'], ['0.444', '1061'], ['0.4442', '15'], ['0.4443', '3453'], ['0.4444', '30'], ['0.4448', '3126'], ['0.4449', '30'], ['0.445', '6920'], ['0.4451', '1770'], ['0.4454', '40'], ['0.4455', '20'], ['0.4458', '20'], ['0.446', '2030'], ['0.4463', '30'], ['0.4464', '10'], ['0.4465', '5'], ['0.4468', '25'], ['0.447', '1528'], ['0.4472', '4000'], ['0.4474', '116'], ['0.4475', '71'], ['0.4478', '2122'], ['0.448', '402'], ['0.4481', '30'], ['0.4482', '20'], ['0.4485', '19704'], ['0.4488', '113'], ['0.4489', '6178'], ['0.449', '2898'], ['0.4492', '140'], ['0.4493', '30'], ['0.4495', '4880'], ['0.4498', '285'], ['0.4499', '2417'], ['0.45', '60281'], ['0.4502', '20'], ['0.451', '10'], ['0.4516', '911'], ['0.4518', '75'], ['0.4519', '5'], ['0.4521', '10'], ['0.4525', '20'], ['0.453', '10'], ['0.4532', '20'], ['0.4533', '5'], ['0.454', '1610'], ['0.455', '882'], ['0.4552', '10'], ['0.4554', '20'], ['0.4559', '20'], ['0.456', '3000'], ['0.4561', '10'], ['0.4566', '30'], ['0.4567', '75'], ['0.4569', '20'], ['0.457', '10'], ['0.4571', '691'], ['0.4572', '10'], ['0.458', '20'], ['0.4581', '20'], ['0.4582', '1000'], ['0.4583', '161'], ['0.4588', '1000'], ['0.459', '1734'], ['0.4593', '20'], ['0.4598', '30'], ['0.4599', '3'], ['0.46', '5662'], ['0.4601', '50'], ['0.4602', '10'], ['0.4603', '11'], ['0.4605', '20'], ['0.4606', '285'], ['0.4609', '13'], ['0.4615', '1000'], ['0.4619', '10'], ['0.4622', '484'], ['0.4625', '310'], ['0.463', '10'], ['0.4633', '1330'], ['0.4637', '300'], ['0.4643', '20'], ['0.4646', '10'], ['0.4648', '2913'], ['0.465', '10'], ['0.4652', '10'], ['0.4663', '30'], ['0.467', '310'], ['0.4672', '20'], ['0.4676', '10'], ['0.468', '20'], ['0.4688', '10'], ['0.4691', '10'], ['0.4693', '30'], ['0.4699', '2'], ['0.47', '3726'], ['0.4709', '10'], ['0.471', '20'], ['0.472', '20'], ['0.4725', '30'], ['0.4728', '300'], ['0.4732', '11'], ['0.474', '20032'], ['0.4746', '20'], ['0.475', '1210'], ['0.4755', '30'], ['0.4771', '38'], ['0.478', '1688'], ['0.4781', '10'], ['0.4795', '30'], ['0.4799', '38'], ['0.48', '2294'], ['0.4815', '20'], ['0.483', '40'], ['0.484', '20'], ['0.4841', '10'], ['0.485', '5'], ['0.4855', '20'], ['0.4858', '20'], ['0.4859', '2'], ['0.4867', '20'], ['0.488', '1726'], ['0.4886', '20'], ['0.4889', '10'], ['0.4892', '20'], ['0.4897', '205'], ['0.4899', '2'], ['0.49', '2010'], ['0.4902', '40'], ['0.491', '62330'], ['0.4916', '20'], ['0.492', '970'], ['0.4921', '10'], ['0.4922', '38'], ['0.4928', '300'], ['0.493', '50'], ['0.4932', '3658'], ['0.4936', '10'], ['0.4937', '693'], ['0.494', '20'], ['0.4941', '30'], ['0.4959', '22'], ['0.4962', '10'], ['0.4965', '20'], ['0.4985', '20'], ['0.4987', '740'], ['0.499', '305'], ['0.4993', '11'], ['0.4999', '2775'], ['0.5', '36941'], ['0.501', '36'], ['0.5021', '5'], ['0.5022', '20'], ['0.503', '70'], ['0.5032', '10'], ['0.5042', '5'], ['0.505', '13'], ['0.5053', '20'], ['0.506', '1500'], ['0.5061', '10'], ['0.5069', '20'], ['0.507', '10'], ['0.5077', '20'], ['0.5081', '20'], ['0.5086', '50'], ['0.509', '15010'], ['0.5092', '100'], ['0.5093', '5'], ['0.51', '3440'], ['0.5111', '250'], ['0.513', '905'], ['0.5131', '30'], ['0.514', '10'], ['0.515', '4'], ['0.516', '314'], ['0.518', '29'], ['0.5191', '10'], ['0.5199', '4'], ['0.52', '4140'], ['0.5202', '20'], ['0.5236', '70'], ['0.524', '10'], ['0.525', '10'], ['0.5281', '10'], ['0.529', '405'], ['0.53', '618'], ['0.531', '100'], ['0.5321', '30'], ['0.533', '803'], ['0.5332', '38'], ['0.5337', '9'], ['0.534', '10'], ['0.535', '15'], ['0.5357', '50'], ['0.5392', '10'], ['0.54', '7595'], ['0.5402', '50'], ['0.541', '99'], ['0.5451', '10'], ['0.5491', '10'], ['0.55', '1162'], ['0.5511', '30'], ['0.5529', '36'], ['0.5535', '36'], ['0.5541', '10'], ['0.555', '36'], ['0.5581', '10'], ['0.5598', '10'], ['0.56', '10611'], ['0.5621', '13'], ['0.5661', '10'], ['0.5674', '1510'], ['0.57', '5967'], ['0.5701', '30'], ['0.571', '19'], ['0.5751', '10'], ['0.5762', '8'], ['0.5791', '10'], ['0.58', '117'], ['0.5812', '50'], ['0.583', '50'], ['0.5832', '10'], ['0.584', '117'], ['0.5842', '3'], ['0.5871', '10'], ['0.5881', '3017'], ['0.589', '681'], ['0.5891', '30'], ['0.59', '1825'], ['0.591', '209'], ['0.5921', '10'], ['0.5929', '300'], ['0.5959', '5'], ['0.596', '8500'], ['0.5961', '10'], ['0.5984', '668'], ['0.6', '47095'], ['0.6021', '10'], ['0.6059', '5'], ['0.6071', '10'], ['0.608', '5'], ['0.6081', '30'], ['0.6085', '5'], ['0.61', '500'], ['0.6117', '500'], ['0.612', '10'], ['0.616', '38'], ['0.6165', '3658'], ['0.6172', '10'], ['0.6188', '5'], ['0.62', '7661'], ['0.6216', '5'], ['0.622', '30'], ['0.6221', '10'], ['0.6229', '3'], ['0.623', '500'], ['0.6244', '30'], ['0.625', '50'], ['0.6271', '30'], ['0.6281', '10'], ['0.63', '790'], ['0.633', '50'], ['0.6342', '210'], ['0.638', '100'], ['0.6391', '10'], ['0.6399', '5'], ['0.64', '4147'], ['0.641', '300'], ['0.6452', '10'], ['0.6461', '30'], ['0.6499', '5'], ['0.65', '14692'], ['0.655', '10'], ['0.6591', '10'], ['0.6599', '5'], ['0.66', '2878'], ['0.6632', '10'], ['0.6651', '30'], ['0.667', '250'], ['0.6692', '10'], ['0.67', '1620'], ['0.6741', '10'], ['0.6781', '10'], ['0.6789', '5'], ['0.68', '1100'], ['0.6821', '10'], ['0.683', '250'], ['0.6841', '30'], ['0.6865', '10'], ['0.69', '305'], ['0.6912', '10'], ['0.6914', '4'], ['0.6962', '10'], ['0.7', '720'], ['0.7012', '10'], ['0.7031', '30'], ['0.7051', '10'], ['0.7059', '5'], ['0.7091', '10'], ['0.7099', '5'], ['0.71', '64'], ['0.7132', '10'], ['0.717', '248'], ['0.7178', '55'], ['0.7199', '5'], ['0.72', '20'], ['0.721', '50'], ['0.7221', '40'], ['0.7234', '65'], ['0.7269', '12'], ['0.7307', '14'], ['0.733', '50'], ['0.7351', '10'], ['0.7373', '100'], ['0.74', '13'], ['0.741', '10'], ['0.7462', '10'], ['0.747', '30'], ['0.75', '3153'], ['0.751', '15'], ['0.7514', '1000'], ['0.752', '200'], ['0.7561', '10'], ['0.7599', '5'], ['0.76', '72'], ['0.7601', '10'], ['0.765', '200'], ['0.7651', '11'], ['0.769', '10'], ['0.7706', '3658'], ['0.7732', '10'], ['0.774', '40'], ['0.7782', '10'], ['0.7832', '10'], ['0.7867', '24999'], ['0.7872', '10'], ['0.79', '16950'], ['0.7921', '10'], ['0.794', '30'], ['0.7968', '7'], ['0.8', '10742'], ['0.8012', '10'], ['0.8051', '10'], ['0.8069', '50'], ['0.8097', '10'], ['0.81', '10'], ['0.814', '10'], ['0.816', '1250'], ['0.8189', '10'], ['0.82', '399'], ['0.8232', '190'], ['0.824', '30'], ['0.8242', '10'], ['0.825', '150'], ['0.8281', '10'], ['0.83', '1300'], ['0.8331', '10'], ['0.8342', '70'], ['0.8371', '10'], ['0.84', '1451'], ['0.8412', '2583'], ['0.8461', '10'], ['0.85', '13134'], ['0.8501', '10'], ['0.8523', '30'], ['0.8551', '10'], ['0.8569', '50'], ['0.8615', '5377'], ['0.8642', '7'], ['0.868', '2308'], ['0.8691', '8'], ['0.8692', '10'], ['0.8741', '10'], ['0.876', '117'], ['0.8762', '60'], ['0.8782', '10'], ['0.88', '888'], ['0.8812', '80'], ['0.8831', '10'], ['0.8869', '10'], ['0.89', '899'], ['0.8911', '10'], ['0.8959', '10'], ['0.8991', '10'], ['0.9', '8762'], ['0.9049', '5'], ['0.9082', '5'], ['0.91', '353'], ['0.911', '30'], ['0.912', '500'], ['0.9123', '1250'], ['0.9132', '10'], ['0.9181', '10'], ['0.9232', '10'], ['0.9262', '5'], ['0.9301', '5'], ['0.9344', '1250'], ['0.9352', '10'], ['0.9399', '5'], ['0.94', '20'], ['0.9452', '20'], ['0.9481', '14177'], ['0.9492', '10'], ['0.95', '5341'], ['0.951', '209'], ['0.955', '100'], ['0.9552', '10'], ['0.9601', '10'], ['0.9632', '3658'], ['0.9653', '10'], ['0.97', '300'], ['0.9701', '10'], ['0.9721', '30'], ['0.98', '300'], ['0.9802', '10'], ['0.9852', '10'], ['0.99', '10988'], ['0.9901', '10'], ['0.993', '50'], ['0.9952', '9'], ['1', '115395'], ['1.001', '3'], ['1.002', '500'], ['1.0061', '10'], ['1.01', '150'], ['1.012', '15'], ['1.013', '10'], ['1.032', '100'], ['1.041', '15'], ['1.045', '500'], ['1.05', '612'], ['1.0744', '1250'], ['1.08', '100'], ['1.1', '8484'], ['1.1183', '1250'], ['1.12', '150'], ['1.14', '31'], ['1.145', '500'], ['1.2', '271632'], ['1.2041', '3658'], ['1.23', '1350'], ['1.245', '500'], ['1.25', '401'], ['1.2545', '70'], ['1.29', '350'], ['1.3', '800'], ['1.3166', '1250'], ['1.3171', '1250'], ['1.34', '1250'], ['1.345', '500'], ['1.36', '1'], ['1.38', '99'], ['1.4', '5099'], ['1.41', '2852'], ['1.4356', '28'], ['1.4381', '13869'], ['1.44', '14261'], ['1.445', '500'], ['1.45', '8'], ['1.46', '150'], ['1.476', '979'], ['1.5', '8378'], ['1.5002', '1250'], ['1.5051', '3658'], ['1.5226', '1250'], ['1.545', '500'], ['1.5467', '3'], ['1.55', '340'], ['1.57', '150'], ['1.6', '17522'], ['1.6111', '1250'], ['1.645', '500'], ['1.65', '15'], ['1.66', '6'], ['1.67', '300'], ['1.68', '49'], ['1.71', '20'], ['1.7311', '1250'], ['1.745', '500'], ['1.75', '20'], ['1.78', '840'], ['1.8', '308'], ['1.8105', '1250'], ['1.8326', '15366'], ['1.845', '500'], ['1.85', '6204'], ['1.8667', '1250'], ['1.8797', '140'], ['1.8814', '3658'], ['1.895', '15'], ['1.9323', '1250'], ['1.945', '500'], ['1.9564', '70'], ['1.9869', '50'], ['1.99', '53'], ['1.9965', '7472'], ['1.998', '11954'], ['2', '13947'], ['2.0442', '1280'], ['2.045', '500'], ['2.05', '200'], ['2.1', '50'], ['2.114', '1250'], ['2.143', '1250'], ['2.19', '100'], ['2.2', '613'], ['2.22', '179'], ['2.23', '2202'], ['2.236', '1250'], ['2.28', '895'], ['2.3', '150'], ['2.32', '750'], ['2.337', '1250'], ['2.3517', '3658'], ['2.4', '1174'], ['2.403', '1250'], ['2.4173', '1250'], ['2.441', '1250'], ['2.445', '40'], ['2.45', '10000'], ['2.48', '1234'], ['2.5', '6937'], ['2.5033', '1250'], ['2.513', '1250'], ['2.59', '200'], ['2.5934', '4000'], ['2.6', '18750'], ['2.6331', '1250'], ['2.65', '1200'], ['2.67', '30'], ['2.683', '372'], ['2.7', '1078'], ['2.7316', '1250'], ['2.7412', '1250'], ['2.7662', '1250'], ['2.788', '900'], ['2.8', '202'], ['2.8025', '1250'], ['2.817', '1000'], ['2.82', '100'], ['2.8394', '1250'], ['2.86', '1351'], ['2.9', '5000'], ['2.93', '500'], ['2.9397', '3658'], ['2.98', '104'], ['2.99', '150'], ['3', '87736'], ['3.005', '500'], ['3.05', '241'], ['3.0944', '1250'], ['3.1085', '1250'], ['3.12', '1000'], ['3.1228', '1250'], ['3.2', '17121'], ['3.25', '3'], ['3.27', '983'], ['3.3', '2500'], ['3.4', '200'], ['3.41', '1000'], ['3.49', '25000'], ['3.5', '8083'], ['3.55', '267'], ['3.6', '200'], ['3.6014', '1250'], ['3.6184', '1250'], ['3.6627', '1250'], ['3.6746', '3666'], ['3.69', '70'], ['3.8', '300'], ['3.8146', '1250'], ['3.816', '1250'], ['4', '18041'], ['4.007', '1250'], ['4.118', '1250'], ['4.2', '300'], ['4.2063', '1250'], ['4.3', '1228'], ['4.318', '1250'], ['4.3316', '1250'], ['4.4', '3900'], ['4.49', '10356'], ['4.5', '1310'], ['4.6', '200'], ['4.619', '1250'], ['4.67', '36'], ['4.7', '150'], ['4.8', '200'], ['4.82', '1000'], ['4.9', '2108'], ['4.9112', '1250'], ['4.92', '1000'], ['4.9999', '446'], ['5', '37904'], ['5.0445', '1250'], ['5.25', '1000'], ['5.34', '6000'], ['5.5', '100'], ['5.56', '306'], ['5.57', '1838'], ['5.6133', '1250'], ['5.8', '200'], ['5.904', '1250'], ['6', '5800'], ['6.0229', '1250'], ['6.1744', '1250'], ['6.3018', '1250'], ['6.417', '1250'], ['6.5', '100'], ['6.8', '16750'], ['6.91', '7500'], ['6.98', '4000'], ['7', '19560'], ['7.0335', '1250'], ['7.1113', '1250'], ['7.1135', '1250'], ['7.5', '100'], ['7.77', '2777'], ['7.95', '1000'], ['8', '30780'], ['8.49', '5000'], ['8.5', '100100'], ['8.65', '1486'], ['8.7', '100000'], ['8.72', '1000'], ['9', '110607'], ['9.0574', '1250'], ['9.1', '100000'], ['9.3305', '1250'], ['9.5', '5680'], ['9.63', '429'], ['9.713', '1250'], ['9.8', '1811'], ['9.85', '824'], ['9.9', '100'], ['9.91', '100'], ['9.95', '100'], ['10', '70240'], ['10.02', '1'], ['10.03', '448'], ['10.5', '10000'], ['11', '1011'], ['11.12', '275'], ['11.13', '1654'], ['11.9', '100'], ['12', '5619'], ['12.47', '200'], ['12.5', '100'], ['13', '3685'], ['13.9', '22'], ['14', '28645'], ['14.43', '17743'], ['14.9', '54000'], ['15', '11730'], ['15.467', '10'], ['17', '110090'], ['17.5', '100'], ['17.7777', '2000'], ['20', '35376'], ['21.8', '4913'], ['24.5', '10000'], ['25', '1704'], ['25.78', '3226'], ['27.7', '500'], ['28', '401'], ['30', '20747'], ['32', '763'], ['34', '500'], ['35', '102'], ['38', '15637'], ['40', '1102'], ['44', '500'], ['45', '2100'], ['47.8', '2000'], ['50', '4362'], ['50.12', '250'], ['55', '1978'], ['56', '661'], ['60', '2'], ['62', '750'], ['70', '2'], ['75', '1250'], ['77.77', '9012'], ['80', '502'], ['87', '1228'], ['89', '100'], ['90', '3'], ['100', '27469'], ['100.15', '1'], ['111.2', '110'], ['111.35', '686'], ['125', '250'], ['130', '418'], ['150', '1211'], ['154.67', '1'], ['156', '1228'], ['175', '90'], ['187', '1000'], ['200', '250'], ['222.4', '105'], ['222.7', '652'], ['245', '7416'], ['250', '1000'], ['300', '315'], ['380', '50'], ['389', '46000'], ['465', '20'], ['480', '58'], ['499.99', '200'], ['500', '1200'], ['520', '113'], ['550', '7135'], ['556', '2134'], ['556.75', '1185'], ['581', '186'], ['589', '1'], ['600', '100'], ['700', '100'], ['800', '100'], ['877', '12379'], ['888', '50'], ['900', '100'], ['999.99', '500'], ['1000', '3447'], ['1001', '10'], ['1112.01', '436'], ['1113.49', '3228'], ['1250', '1627'], ['1500', '16'], ['1546.7', '1'], ['2000', '100'], ['2224.03', '157'], ['3000', '100'], ['3336.04', '125'], ['3880', '142'], ['4000', '100'], ['4200', '906'], ['4448.06', '100'], ['4460', '19801'], ['5000', '318'], ['5560.07', '80'], ['6000', '300'], ['7000', '100'], ['8000', '100'], ['9000', '100'], ['9876', '2000'], ['10000', '748'], ['11000', '3863'], ['11120.15', '64'], ['12000', '100'], ['13000', '100'], ['14000', '100'], ['14999.9999', '500'], ['15000', '100'], ['15467', '1'], ['16000', '100'], ['17000', '100'], ['18000', '100'], ['19000', '100'], ['20000', '1252'], ['25000', '43'], ['500000', '2022']]} *** 
2019-08-18 15:47:01,805 -  *** {'type': 'ticker', 'sequence': 115743350, 'product_id': 'XRP-EUR', 'price': '0.25450000', 'open_24h': '0.23960000', 'volume_24h': '2406577.00000000', 'low_24h': '0.23660000', 'high_24h': '0.25780000', 'volume_30d': '82972450', 'best_bid': '0.2545', 'best_ask': '0.255'} *** 
2019-08-18 15:47:01,808 -  *** {'type': 'subscriptions', 'channels': [{'name': 'level2', 'product_ids': ['XRP-EUR']}, {'name': 'ticker', 'product_ids': ['XRP-EUR']}]} *** 
2019-08-18 15:47:04,430 -  *** {'type': 'l2update', 'product_id': 'XRP-EUR', 'time': '2019-08-18T15:47:04.398000Z', 'changes': [['buy', '0.25240000', '0']]} *** 
2019-08-18 15:47:04,535 -  *** {'type': 'l2update', 'product_id': 'XRP-EUR', 'time': '2019-08-18T15:47:04.509000Z', 'changes': [['buy', '0.25240000', '2000']]} *** 
2019-08-18 15:47:04,830 -  *** {'type': 'l2update', 'product_id': 'XRP-EUR', 'time': '2019-08-18T15:47:04.801000Z', 'changes': [['buy', '0.25200000', '0']]} *** 
2019-08-18 15:47:04,981 -  *** {'type': 'l2update', 'product_id': 'XRP-EUR', 'time': '2019-08-18T15:47:04.955000Z', 'changes': [['buy', '0.25180000', '1074']]} *** 
2019-08-18 15:47:05,022 -  *** {'type': 'l2update', 'product_id': 'XRP-EUR', 'time': '2019-08-18T15:47:04.995000Z', 'changes': [['sell', '0.25490000', '7561']]} *** 
2019-08-18 15:47:05,098 -  *** {'type': 'l2update', 'product_id': 'XRP-EUR', 'time': '2019-08-18T15:47:05.660000Z', 'changes': [['buy', '0.25440000', '118300']]} *** 
2019-08-18 15:47:05,109 -  *** {'type': 'l2update', 'product_id': 'XRP-EUR', 'time': '2019-08-18T15:47:05.830000Z', 'changes': [['buy', '0.25440000', '117215']]} *** 
2019-08-18 15:47:05,123 -  *** {'type': 'l2update', 'product_id': 'XRP-EUR', 'time': '2019-08-18T15:47:05.930000Z', 'changes': [['buy', '0.25420000', '1086']]} *** 
2019-08-18 15:47:05,146 -  *** {'type': 'l2update', 'product_id': 'XRP-EUR', 'time': '2019-08-18T15:47:05.118000Z', 'changes': [['buy', '0.25420000', '2172']]} *** 
2019-08-18 15:47:11,153 -  *** {'type': 'l2update', 'product_id': 'XRP-EUR', 'time': '2019-08-18T15:47:11.128000Z', 'changes': [['sell', '0.41270000', '688']]} *** 
2019-08-18 15:47:12,702 -  *** {'type': 'l2update', 'product_id': 'XRP-EUR', 'time': '2019-08-18T15:47:12.676000Z', 'changes': [['sell', '0.25510000', '1994']]} *** 
2019-08-18 15:47:12,794 -  *** {'type': 'l2update', 'product_id': 'XRP-EUR', 'time': '2019-08-18T15:47:12.766000Z', 'changes': [['sell', '0.25500000', '0']]} *** 
2019-08-18 15:47:13,086 -  *** {'type': 'l2update', 'product_id': 'XRP-EUR', 'time': '2019-08-18T15:47:13.590000Z', 'changes': [['sell', '0.25510000', '11994']]} *** 
2019-08-18 15:47:22,217 -  *** {'type': 'l2update', 'product_id': 'XRP-EUR', 'time': '2019-08-18T15:47:22.188000Z', 'changes': [['sell', '0.25490000', '0']]} *** 
2019-08-18 15:47:22,370 -  *** {'type': 'l2update', 'product_id': 'XRP-EUR', 'time': '2019-08-18T15:47:22.343000Z', 'changes': [['buy', '0.25420000', '1086']]} *** 
2019-08-18 15:47:22,430 -  *** {'type': 'l2update', 'product_id': 'XRP-EUR', 'time': '2019-08-18T15:47:22.405000Z', 'changes': [['buy', '0.25420000', '0']]} *** 
2019-08-18 15:47:22,445 -  *** {'type': 'l2update', 'product_id': 'XRP-EUR', 'time': '2019-08-18T15:47:22.419000Z', 'changes': [['buy', '0.25450000', '13692']]} *** 
2019-08-18 15:47:22,453 -  *** {'type': 'l2update', 'product_id': 'XRP-EUR', 'time': '2019-08-18T15:47:22.428000Z', 'changes': [['buy', '0.25450000', '14776']]} *** 
2019-08-18 15:47:22,465 -  *** {'type': 'l2update', 'product_id': 'XRP-EUR', 'time': '2019-08-18T15:47:22.438000Z', 'changes': [['sell', '0.25500000', '5332']]} *** 
2019-08-18 15:47:22,725 -  *** {'type': 'l2update', 'product_id': 'XRP-EUR', 'time': '2019-08-18T15:47:22.700000Z', 'changes': [['buy', '0.25450000', '13692']]} *** 
2019-08-18 15:47:22,729 -  *** {'type': 'l2update', 'product_id': 'XRP-EUR', 'time': '2019-08-18T15:47:22.704000Z', 'changes': [['buy', '0.25450000', '12608']]} *** 
2019-08-18 15:47:22,747 -  *** {'type': 'l2update', 'product_id': 'XRP-EUR', 'time': '2019-08-18T15:47:22.722000Z', 'changes': [['buy', '0.25440000', '118300']]} *** 
2019-08-18 15:47:22,764 -  *** {'type': 'l2update', 'product_id': 'XRP-EUR', 'time': '2019-08-18T15:47:22.736000Z', 'changes': [['buy', '0.25440000', '119385']]} *** 
2019-08-18 15:47:35,768 -  *** {'type': 'l2update', 'product_id': 'XRP-EUR', 'time': '2019-08-18T15:47:35.743000Z', 'changes': [['buy', '0.25320000', '0']]} *** 
2019-08-18 15:47:35,775 -  *** {'type': 'l2update', 'product_id': 'XRP-EUR', 'time': '2019-08-18T15:47:35.750000Z', 'changes': [['buy', '0.25380000', '9470']]} *** 
2019-08-18 15:47:36,238 -  *** {'type': 'l2update', 'product_id': 'XRP-EUR', 'time': '2019-08-18T15:47:36.209000Z', 'changes': [['sell', '0.25540000', '0']]} *** 
2019-08-18 15:47:36,240 -  *** {'type': 'l2update', 'product_id': 'XRP-EUR', 'time': '2019-08-18T15:47:36.214000Z', 'changes': [['buy', '0.25460000', '10000']]} *** 
2019-08-18 15:47:36,276 -  *** {'type': 'l2update', 'product_id': 'XRP-EUR', 'time': '2019-08-18T15:47:36.248000Z', 'changes': [['sell', '0.25510000', '10997']]} *** 
2019-08-18 15:47:36,282 -  *** {'type': 'l2update', 'product_id': 'XRP-EUR', 'time': '2019-08-18T15:47:36.253000Z', 'changes': [['sell', '0.25510000', '10000']]} *** 
2019-08-18 15:47:36,298 -  *** {'type': 'l2update', 'product_id': 'XRP-EUR', 'time': '2019-08-18T15:47:36.270000Z', 'changes': [['sell', '0.25560000', '997']]} *** 
2019-08-18 15:47:36,312 -  *** {'type': 'l2update', 'product_id': 'XRP-EUR', 'time': '2019-08-18T15:47:36.283000Z', 'changes': [['sell', '0.25560000', '1994']]} *** 
2019-08-18 15:47:36,321 -  *** {'type': 'l2update', 'product_id': 'XRP-EUR', 'time': '2019-08-18T15:47:36.295000Z', 'changes': [['sell', '0.25490000', '7562']]} *** 
2019-08-18 15:47:36,323 -  *** {'type': 'l2update', 'product_id': 'XRP-EUR', 'time': '2019-08-18T15:47:36.298000Z', 'changes': [['sell', '0.25560000', '2197']]} *** 
2019-08-18 15:47:36,364 -  *** {'type': 'l2update', 'product_id': 'XRP-EUR', 'time': '2019-08-18T15:47:36.339000Z', 'changes': [['buy', '0.25440000', '118300']]} *** 
2019-08-18 15:47:36,376 -  *** {'type': 'l2update', 'product_id': 'XRP-EUR', 'time': '2019-08-18T15:47:36.351000Z', 'changes': [['buy', '0.25440000', '117215']]} *** 
2019-08-18 15:47:36,398 -  *** {'type': 'l2update', 'product_id': 'XRP-EUR', 'time': '2019-08-18T15:47:36.369000Z', 'changes': [['sell', '0.25520000', '13100']]} *** 
2019-08-18 15:47:36,404 -  *** {'type': 'l2update', 'product_id': 'XRP-EUR', 'time': '2019-08-18T15:47:36.376000Z', 'changes': [['buy', '0.25420000', '1086']]} *** 
2019-08-18 15:47:36,413 -  *** {'type': 'l2update', 'product_id': 'XRP-EUR', 'time': '2019-08-18T15:47:36.387000Z', 'changes': [['buy', '0.25420000', '2172']]} *** 
2019-08-18 15:47:36,470 -  *** {'type': 'l2update', 'product_id': 'XRP-EUR', 'time': '2019-08-18T15:47:36.444000Z', 'changes': [['buy', '0.25450000', '0']]} *** 
2019-08-18 15:47:36,479 -  *** {'type': 'l2update', 'product_id': 'XRP-EUR', 'time': '2019-08-18T15:47:36.455000Z', 'changes': [['sell', '0.25540000', '1915']]} *** 
2019-08-18 15:47:36,567 -  *** {'type': 'l2update', 'product_id': 'XRP-EUR', 'time': '2019-08-18T15:47:36.541000Z', 'changes': [['sell', '0.25560000', '1200']]} *** 
2019-08-18 15:47:36,579 -  *** {'type': 'l2update', 'product_id': 'XRP-EUR', 'time': '2019-08-18T15:47:36.554000Z', 'changes': [['sell', '0.25490000', '0']]} *** 
2019-08-18 15:47:36,619 -  *** {'type': 'l2update', 'product_id': 'XRP-EUR', 'time': '2019-08-18T15:47:36.593000Z', 'changes': [['buy', '0.25460000', '11214']]} *** 
2019-08-18 15:47:36,627 -  *** {'type': 'l2update', 'product_id': 'XRP-EUR', 'time': '2019-08-18T15:47:36.602000Z', 'changes': [['sell', '0.25560000', '203']]} *** 
2019-08-18 15:47:36,634 -  *** {'type': 'l2update', 'product_id': 'XRP-EUR', 'time': '2019-08-18T15:47:36.609000Z', 'changes': [['sell', '0.25530000', '997']]} *** 
2019-08-18 15:47:36,670 -  *** {'type': 'l2update', 'product_id': 'XRP-EUR', 'time': '2019-08-18T15:47:36.645000Z', 'changes': [['sell', '0.25590000', '0']]} *** 
2019-08-18 15:47:36,695 -  *** {'type': 'l2update', 'product_id': 'XRP-EUR', 'time': '2019-08-18T15:47:36.669000Z', 'changes': [['sell', '0.25530000', '1994']]} *** 
2019-08-18 15:47:36,699 -  *** {'type': 'l2update', 'product_id': 'XRP-EUR', 'time': '2019-08-18T15:47:36.674000Z', 'changes': [['buy', '0.25420000', '1086']]} *** 
2019-08-18 15:47:36,716 -  *** {'type': 'l2update', 'product_id': 'XRP-EUR', 'time': '2019-08-18T15:47:36.690000Z', 'changes': [['sell', '0.25570000', '899']]} *** 
2019-08-18 15:47:36,725 -  *** {'type': 'l2update', 'product_id': 'XRP-EUR', 'time': '2019-08-18T15:47:36.700000Z', 'changes': [['buy', '0.25420000', '0']]} *** 
2019-08-18 15:47:36,731 -  *** {'type': 'l2update', 'product_id': 'XRP-EUR', 'time': '2019-08-18T15:47:36.705000Z', 'changes': [['buy', '0.25440000', '118300']]} *** 
2019-08-18 15:47:36,744 -  *** {'type': 'l2update', 'product_id': 'XRP-EUR', 'time': '2019-08-18T15:47:36.717000Z', 'changes': [['sell', '0.25590000', '22053']]} *** 
2019-08-18 15:47:36,745 -  *** {'type': 'l2update', 'product_id': 'XRP-EUR', 'time': '2019-08-18T15:47:36.720000Z', 'changes': [['buy', '0.25440000', '119385']]} *** 
2019-08-18 15:47:36,813 -  *** {'type': 'l2update', 'product_id': 'XRP-EUR', 'time': '2019-08-18T15:47:36.788000Z', 'changes': [['sell', '0.25640000', '22391']]} *** 
2019-08-18 15:47:36,854 -  *** {'type': 'l2update', 'product_id': 'XRP-EUR', 'time': '2019-08-18T15:47:36.829000Z', 'changes': [['sell', '0.25510000', '0']]} *** 
2019-08-18 15:47:36,890 -  *** {'type': 'l2update', 'product_id': 'XRP-EUR', 'time': '2019-08-18T15:47:36.865000Z', 'changes': [['buy', '0.25470000', '12681']]} *** 
2019-08-18 15:47:37,365 -  *** {'type': 'l2update', 'product_id': 'XRP-EUR', 'time': '2019-08-18T15:47:37.340000Z', 'changes': [['buy', '0.25460000', '1214']]} *** 
2019-08-18 15:47:37,440 -  *** {'type': 'l2update', 'product_id': 'XRP-EUR', 'time': '2019-08-18T15:47:37.414000Z', 'changes': [['sell', '0.25500000', '0']]} *** 
2019-08-18 15:47:37,472 -  *** {'type': 'l2update', 'product_id': 'XRP-EUR', 'time': '2019-08-18T15:47:37.445000Z', 'changes': [['buy', '0.25440000', '118300']]} *** 
2019-08-18 15:47:37,478 -  *** {'type': 'l2update', 'product_id': 'XRP-EUR', 'time': '2019-08-18T15:47:37.450000Z', 'changes': [['buy', '0.25440000', '117215']]} *** 
2019-08-18 15:47:37,493 -  *** {'type': 'l2update', 'product_id': 'XRP-EUR', 'time': '2019-08-18T15:47:37.467000Z', 'changes': [['buy', '0.25450000', '1084']]} *** 
2019-08-18 15:47:37,509 -  *** {'type': 'l2update', 'product_id': 'XRP-EUR', 'time': '2019-08-18T15:47:37.480000Z', 'changes': [['buy', '0.25450000', '2168']]} *** 
2019-08-18 15:47:37,699 -  *** {'type': 'l2update', 'product_id': 'XRP-EUR', 'time': '2019-08-18T15:47:37.659000Z', 'changes': [['sell', '0.25520000', '23100']]} *** 
2019-08-18 15:47:38,074 -  *** {'type': 'l2update', 'product_id': 'XRP-EUR', 'time': '2019-08-18T15:47:38.430000Z', 'changes': [['sell', '0.25520000', '10000']]} *** 
2019-08-18 15:47:38,099 -  *** {'type': 'l2update', 'product_id': 'XRP-EUR', 'time': '2019-08-18T15:47:38.730000Z', 'changes': [['buy', '0.25440000', '81794']]} *** 
2019-08-18 15:47:38,139 -  *** {'type': 'l2update', 'product_id': 'XRP-EUR', 'time': '2019-08-18T15:47:38.106000Z', 'changes': [['buy', '0.25470000', '22681']]} *** 
2019-08-18 15:47:38,146 -  *** {'type': 'l2update', 'product_id': 'XRP-EUR', 'time': '2019-08-18T15:47:38.122000Z', 'changes': [['sell', '0.25510000', '5332']]} *** 
2019-08-18 15:47:38,154 -  *** {'type': 'l2update', 'product_id': 'XRP-EUR', 'time': '2019-08-18T15:47:38.126000Z', 'changes': [['buy', '0.25440000', '11794']]} *** 
2019-08-18 15:47:38,239 -  *** {'type': 'l2update', 'product_id': 'XRP-EUR', 'time': '2019-08-18T15:47:38.174000Z', 'changes': [['buy', '0.25460000', '36599']]} *** 
2019-08-18 15:47:38,243 -  *** {'type': 'l2update', 'product_id': 'XRP-EUR', 'time': '2019-08-18T15:47:38.192000Z', 'changes': [['sell', '0.25530000', '15094']]} *** 
2019-08-18 15:47:38,263 -  *** {'type': 'l2update', 'product_id': 'XRP-EUR', 'time': '2019-08-18T15:47:38.238000Z', 'changes': [['buy', '0.25470000', '92681']]} *** 
2019-08-18 15:47:38,413 -  *** {'type': 'l2update', 'product_id': 'XRP-EUR', 'time': '2019-08-18T15:47:38.386000Z', 'changes': [['sell', '0.25520000', '0']]} *** 
2019-08-18 15:47:38,724 -  *** {'type': 'l2update', 'product_id': 'XRP-EUR', 'time': '2019-08-18T15:47:38.691000Z', 'changes': [['sell', '0.25540000', '0']]} *** 
2019-08-18 15:47:38,744 -  *** {'type': 'l2update', 'product_id': 'XRP-EUR', 'time': '2019-08-18T15:47:38.720000Z', 'changes': [['sell', '0.25530000', '14097']]} *** 
2019-08-18 15:47:38,759 -  *** {'type': 'l2update', 'product_id': 'XRP-EUR', 'time': '2019-08-18T15:47:38.724000Z', 'changes': [['sell', '0.25530000', '13100']]} *** 
2019-08-18 15:47:38,759 -  *** {'type': 'l2update', 'product_id': 'XRP-EUR', 'time': '2019-08-18T15:47:38.727000Z', 'changes': [['buy', '0.25460000', '1214']]} *** 
2019-08-18 15:47:38,760 -  *** {'type': 'l2update', 'product_id': 'XRP-EUR', 'time': '2019-08-18T15:47:38.732000Z', 'changes': [['buy', '0.25470000', '128064']]} *** 
2019-08-18 15:47:38,786 -  *** {'type': 'l2update', 'product_id': 'XRP-EUR', 'time': '2019-08-18T15:47:38.741000Z', 'changes': [['sell', '0.25550000', '997']]} *** 
2019-08-18 15:47:38,787 -  *** {'type': 'l2update', 'product_id': 'XRP-EUR', 'time': '2019-08-18T15:47:38.755000Z', 'changes': [['sell', '0.25550000', '1994']]} *** 
2019-08-18 15:47:38,802 -  *** {'type': 'l2update', 'product_id': 'XRP-EUR', 'time': '2019-08-18T15:47:38.776000Z', 'changes': [['sell', '0.25550000', '3909']]} *** 
2019-08-18 15:47:38,885 -  *** {'type': 'l2update', 'product_id': 'XRP-EUR', 'time': '2019-08-18T15:47:38.859000Z', 'changes': [['sell', '0.25560000', '0']]} *** 
2019-08-18 15:47:38,926 -  *** {'type': 'l2update', 'product_id': 'XRP-EUR', 'time': '2019-08-18T15:47:38.900000Z', 'changes': [['buy', '0.25470000', '118064']]} *** 
2019-08-18 15:47:38,975 -  *** {'type': 'l2update', 'product_id': 'XRP-EUR', 'time': '2019-08-18T15:47:38.945000Z', 'changes': [['sell', '0.25570000', '1102']]} *** 
2019-08-18 15:47:39,051 -  *** {'type': 'l2update', 'product_id': 'XRP-EUR', 'time': '2019-08-18T15:47:39.260000Z', 'changes': [['sell', '0.25550000', '2912']]} *** 
2019-08-18 15:47:39,056 -  *** {'type': 'l2update', 'product_id': 'XRP-EUR', 'time': '2019-08-18T15:47:39.300000Z', 'changes': [['sell', '0.25550000', '1915']]} *** 
2019-08-18 15:47:39,112 -  *** {'type': 'l2update', 'product_id': 'XRP-EUR', 'time': '2019-08-18T15:47:39.470000Z', 'changes': [['buy', '0.25480000', '10000']]} *** 
2019-08-18 15:47:39,113 -  *** {'type': 'l2update', 'product_id': 'XRP-EUR', 'time': '2019-08-18T15:47:39.470000Z', 'changes': [['sell', '0.25540000', '997']]} *** 
2019-08-18 15:47:39,113 -  *** {'type': 'l2update', 'product_id': 'XRP-EUR', 'time': '2019-08-18T15:47:39.700000Z', 'changes': [['sell', '0.25540000', '1994']]} *** 
2019-08-18 15:47:39,172 -  *** {'type': 'l2update', 'product_id': 'XRP-EUR', 'time': '2019-08-18T15:47:39.147000Z', 'changes': [['buy', '0.25430000', '27673']]} *** 
2019-08-18 15:47:39,255 -  *** {'type': 'l2update', 'product_id': 'XRP-EUR', 'time': '2019-08-18T15:47:39.228000Z', 'changes': [['buy', '0.25440000', '13709']]} *** 
2019-08-18 15:47:39,422 -  *** {'type': 'l2update', 'product_id': 'XRP-EUR', 'time': '2019-08-18T15:47:39.390000Z', 'changes': [['buy', '0.25470000', '105383']]} *** 
2019-08-18 15:47:39,434 -  *** {'type': 'l2update', 'product_id': 'XRP-EUR', 'time': '2019-08-18T15:47:39.404000Z', 'changes': [['buy', '0.25410000', '0']]} *** 
2019-08-18 15:47:39,540 -  *** {'type': 'l2update', 'product_id': 'XRP-EUR', 'time': '2019-08-18T15:47:39.489000Z', 'changes': [['buy', '0.25420000', '1915']]} *** 
2019-08-18 15:47:40,345 -  *** {'type': 'l2update', 'product_id': 'XRP-EUR', 'time': '2019-08-18T15:47:40.297000Z', 'changes': [['buy', '0.25420000', '0']]} *** 
2019-08-18 15:47:40,394 -  *** {'type': 'l2update', 'product_id': 'XRP-EUR', 'time': '2019-08-18T15:47:40.369000Z', 'changes': [['sell', '0.25510000', '0']]} *** 
2019-08-18 15:47:40,399 -  *** {'type': 'l2update', 'product_id': 'XRP-EUR', 'time': '2019-08-18T15:47:40.374000Z', 'changes': [['buy', '0.25490000', '12671']]} *** 
2019-08-18 15:47:40,403 -  *** {'type': 'l2update', 'product_id': 'XRP-EUR', 'time': '2019-08-18T15:47:40.378000Z', 'changes': [['buy', '0.25430000', '29588']]} *** 
2019-08-18 15:47:40,454 -  *** {'type': 'l2update', 'product_id': 'XRP-EUR', 'time': '2019-08-18T15:47:40.396000Z', 'changes': [['sell', '0.25540000', '997']]} *** 
2019-08-18 15:47:40,459 -  *** {'type': 'l2update', 'product_id': 'XRP-EUR', 'time': '2019-08-18T15:47:40.418000Z', 'changes': [['sell', '0.25560000', '997']]} *** 
2019-08-18 15:47:40,460 -  *** {'type': 'l2update', 'product_id': 'XRP-EUR', 'time': '2019-08-18T15:47:40.425000Z', 'changes': [['buy', '0.25450000', '1084']]} *** 
2019-08-18 15:47:40,462 -  *** {'type': 'l2update', 'product_id': 'XRP-EUR', 'time': '2019-08-18T15:47:40.427000Z', 'changes': [['buy', '0.25450000', '0']]} *** 
2019-08-18 15:47:40,463 -  *** {'type': 'l2update', 'product_id': 'XRP-EUR', 'time': '2019-08-18T15:47:40.429000Z', 'changes': [['sell', '0.25540000', '0']]} *** 
2019-08-18 15:47:40,475 -  *** {'type': 'l2update', 'product_id': 'XRP-EUR', 'time': '2019-08-18T15:47:40.449000Z', 'changes': [['sell', '0.25590000', '0']]} *** 
2019-08-18 15:47:40,475 -  *** {'type': 'l2update', 'product_id': 'XRP-EUR', 'time': '2019-08-18T15:47:40.450000Z', 'changes': [['buy', '0.25440000', '11794']]} *** 
2019-08-18 15:47:40,481 -  *** {'type': 'l2update', 'product_id': 'XRP-EUR', 'time': '2019-08-18T15:47:40.457000Z', 'changes': [['buy', '0.25470000', '106466']]} *** 
2019-08-18 15:47:40,494 -  *** {'type': 'l2update', 'product_id': 'XRP-EUR', 'time': '2019-08-18T15:47:40.467000Z', 'changes': [['buy', '0.25470000', '107549']]} *** 
2019-08-18 15:47:40,522 -  *** {'type': 'l2update', 'product_id': 'XRP-EUR', 'time': '2019-08-18T15:47:40.475000Z', 'changes': [['sell', '0.25560000', '1994']]} *** 
2019-08-18 15:47:40,522 -  *** {'type': 'l2update', 'product_id': 'XRP-EUR', 'time': '2019-08-18T15:47:40.475000Z', 'changes': [['sell', '0.25600000', '22063']]} *** 
2019-08-18 15:47:40,563 -  *** {'type': 'l2update', 'product_id': 'XRP-EUR', 'time': '2019-08-18T15:47:40.538000Z', 'changes': [['buy', '0.25450000', '1915']]} *** 
2019-08-18 15:47:40,761 -  *** {'type': 'l2update', 'product_id': 'XRP-EUR', 'time': '2019-08-18T15:47:40.735000Z', 'changes': [['sell', '0.25530000', '0']]} *** 
2019-08-18 15:47:40,762 -  *** {'type': 'l2update', 'product_id': 'XRP-EUR', 'time': '2019-08-18T15:47:40.737000Z', 'changes': [['sell', '0.25540000', '10000']]} *** 
2019-08-18 15:47:40,768 -  *** {'type': 'l2update', 'product_id': 'XRP-EUR', 'time': '2019-08-18T15:47:40.743000Z', 'changes': [['buy', '0.25440000', '394']]} *** 
2019-08-18 15:47:40,802 -  *** {'type': 'l2update', 'product_id': 'XRP-EUR', 'time': '2019-08-18T15:47:40.768000Z', 'changes': [['buy', '0.25470000', '106466']]} *** 
2019-08-18 15:47:40,803 -  *** {'type': 'l2update', 'product_id': 'XRP-EUR', 'time': '2019-08-18T15:47:40.773000Z', 'changes': [['buy', '0.25470000', '105383']]} *** 
2019-08-18 15:47:40,803 -  *** {'type': 'l2update', 'product_id': 'XRP-EUR', 'time': '2019-08-18T15:47:40.773000Z', 'changes': [['sell', '0.25560000', '997']]} *** 
2019-08-18 15:47:40,818 -  *** {'type': 'l2update', 'product_id': 'XRP-EUR', 'time': '2019-08-18T15:47:40.791000Z', 'changes': [['buy', '0.25480000', '11083']]} *** 
2019-08-18 15:47:40,831 -  *** {'type': 'l2update', 'product_id': 'XRP-EUR', 'time': '2019-08-18T15:47:40.806000Z', 'changes': [['buy', '0.25480000', '12166']]} *** 
2019-08-18 15:47:40,842 -  *** {'type': 'l2update', 'product_id': 'XRP-EUR', 'time': '2019-08-18T15:47:40.818000Z', 'changes': [['sell', '0.25590000', '997']]} *** 
2019-08-18 15:47:40,861 -  *** {'type': 'l2update', 'product_id': 'XRP-EUR', 'time': '2019-08-18T15:47:40.836000Z', 'changes': [['sell', '0.25550000', '15015']]} *** 
2019-08-18 15:47:40,884 -  *** {'type': 'l2update', 'product_id': 'XRP-EUR', 'time': '2019-08-18T15:47:40.846000Z', 'changes': [['buy', '0.25240000', '0']]} *** 
2019-08-18 15:47:40,891 -  *** {'type': 'l2update', 'product_id': 'XRP-EUR', 'time': '2019-08-18T15:47:40.862000Z', 'changes': [['buy', '0.25370000', '2800']]} *** 
2019-08-18 15:47:40,924 -  *** {'type': 'l2update', 'product_id': 'XRP-EUR', 'time': '2019-08-18T15:47:40.899000Z', 'changes': [['sell', '0.25530000', '5332']]} *** 
2019-08-18 15:47:41,104 -  *** {'type': 'l2update', 'product_id': 'XRP-EUR', 'time': '2019-08-18T15:47:41.780000Z', 'changes': [['buy', '0.25480000', '11083']]} *** 
2019-08-18 15:47:41,108 -  *** {'type': 'l2update', 'product_id': 'XRP-EUR', 'time': '2019-08-18T15:47:41.820000Z', 'changes': [['buy', '0.25480000', '10000']]} *** 
2019-08-18 15:47:41,126 -  *** {'type': 'l2update', 'product_id': 'XRP-EUR', 'time': '2019-08-18T15:47:41.990000Z', 'changes': [['buy', '0.25470000', '106466']]} *** 
2019-08-18 15:47:41,143 -  *** {'type': 'l2update', 'product_id': 'XRP-EUR', 'time': '2019-08-18T15:47:41.118000Z', 'changes': [['buy', '0.25470000', '107549']]} *** 
2019-08-18 15:47:41,146 -  *** {'type': 'l2update', 'product_id': 'XRP-EUR', 'time': '2019-08-18T15:47:41.121000Z', 'changes': [['sell', '0.25590000', '0']]} *** 
2019-08-18 15:47:41,267 -  *** {'type': 'l2update', 'product_id': 'XRP-EUR', 'time': '2019-08-18T15:47:41.141000Z', 'changes': [['sell', '0.25560000', '1994']]} *** 
2019-08-18 15:47:41,267 -  *** {'type': 'l2update', 'product_id': 'XRP-EUR', 'time': '2019-08-18T15:47:41.144000Z', 'changes': [['buy', '0.25470000', '118949']]} *** 
2019-08-18 15:47:41,351 -  *** {'type': 'l2update', 'product_id': 'XRP-EUR', 'time': '2019-08-18T15:47:41.323000Z', 'changes': [['buy', '0.25370000', '800']]} *** 
2019-08-18 15:47:41,419 -  *** {'type': 'l2update', 'product_id': 'XRP-EUR', 'time': '2019-08-18T15:47:41.388000Z', 'changes': [['buy', '0.25240000', '2000']]} *** 
2019-08-18 15:47:42,026 -  *** {'type': 'l2update', 'product_id': 'XRP-EUR', 'time': '2019-08-18T15:47:42.100000Z', 'changes': [['buy', '0.25350000', '0']]} *** 
2019-08-18 15:47:42,035 -  *** {'type': 'l2update', 'product_id': 'XRP-EUR', 'time': '2019-08-18T15:47:42.100000Z', 'changes': [['buy', '0.25410000', '7420']]} *** 
2019-08-18 15:47:42,136 -  *** {'type': 'l2update', 'product_id': 'XRP-EUR', 'time': '2019-08-18T15:47:42.111000Z', 'changes': [['buy', '0.25470000', '83566']]} *** 
2019-08-18 15:47:42,142 -  *** {'type': 'l2update', 'product_id': 'XRP-EUR', 'time': '2019-08-18T15:47:42.117000Z', 'changes': [['buy', '0.25480000', '45367']]} *** 
2019-08-18 15:47:44,899 -  *** {'type': 'l2update', 'product_id': 'XRP-EUR', 'time': '2019-08-18T15:47:44.810000Z', 'changes': [['buy', '0.25480000', '10000']]} *** 
2019-08-18 15:47:44,901 -  *** {'type': 'l2update', 'product_id': 'XRP-EUR', 'time': '2019-08-18T15:47:44.863000Z', 'changes': [['buy', '0.25470000', '118941']]} *** 
2019-08-18 15:47:45,043 -  *** {'type': 'l2update', 'product_id': 'XRP-EUR', 'time': '2019-08-18T15:47:44.884000Z', 'changes': [['buy', '0.25490000', '0']]} *** 
2019-08-18 15:47:45,060 -  *** {'type': 'l2update', 'product_id': 'XRP-EUR', 'time': '2019-08-18T15:47:44.948000Z', 'changes': [['sell', '0.25600000', '10']]} *** 
2019-08-18 15:47:45,067 -  *** {'type': 'l2update', 'product_id': 'XRP-EUR', 'time': '2019-08-18T15:47:44.969000Z', 'changes': [['sell', '0.25560000', '997']]} *** 
2019-08-18 15:47:45,067 -  *** {'type': 'l2update', 'product_id': 'XRP-EUR', 'time': '2019-08-18T15:47:44.972000Z', 'changes': [['sell', '0.25560000', '0']]} *** 
2019-08-18 15:47:45,076 -  *** {'type': 'l2update', 'product_id': 'XRP-EUR', 'time': '2019-08-18T15:47:44.990000Z', 'changes': [['sell', '0.25540000', '10997']]} *** 
2019-08-18 15:47:45,076 -  *** {'type': 'l2update', 'product_id': 'XRP-EUR', 'time': '2019-08-18T15:47:45.200000Z', 'changes': [['sell', '0.25540000', '11994']]} *** 
2019-08-18 15:47:45,094 -  *** {'type': 'l2update', 'product_id': 'XRP-EUR', 'time': '2019-08-18T15:47:45.580000Z', 'changes': [['sell', '0.25590000', '22053']]} *** 
2019-08-18 15:47:47,383 -  *** {'type': 'l2update', 'product_id': 'XRP-EUR', 'time': '2019-08-18T15:47:47.357000Z', 'changes': [['buy', '0.25470000', '83566']]} *** 
2019-08-18 15:47:47,385 -  *** {'type': 'l2update', 'product_id': 'XRP-EUR', 'time': '2019-08-18T15:47:47.359000Z', 'changes': [['buy', '0.25480000', '45370']]} *** 
2019-08-18 15:47:47,397 -  *** {'type': 'l2update', 'product_id': 'XRP-EUR', 'time': '2019-08-18T15:47:47.370000Z', 'changes': [['sell', '0.25590000', '0']]} *** 
2019-08-18 15:47:47,427 -  *** {'type': 'l2update', 'product_id': 'XRP-EUR', 'time': '2019-08-18T15:47:47.401000Z', 'changes': [['sell', '0.25600000', '22063']]} *** 
2019-08-18 15:47:47,469 -  *** {'type': 'l2update', 'product_id': 'XRP-EUR', 'time': '2019-08-18T15:47:47.442000Z', 'changes': [['buy', '0.25490000', '12666']]} *** 
2019-08-18 15:47:47,506 -  *** {'type': 'l2update', 'product_id': 'XRP-EUR', 'time': '2019-08-18T15:47:47.474000Z', 'changes': [['sell', '0.25540000', '10997']]} *** 
2019-08-18 15:47:47,507 -  *** {'type': 'l2update', 'product_id': 'XRP-EUR', 'time': '2019-08-18T15:47:47.477000Z', 'changes': [['sell', '0.25540000', '10000']]} *** 
2019-08-18 15:47:47,554 -  *** {'type': 'l2update', 'product_id': 'XRP-EUR', 'time': '2019-08-18T15:47:47.529000Z', 'changes': [['sell', '0.25560000', '997']]} *** 
2019-08-18 15:47:47,589 -  *** {'type': 'l2update', 'product_id': 'XRP-EUR', 'time': '2019-08-18T15:47:47.561000Z', 'changes': [['sell', '0.25560000', '1994']]} *** 
2019-08-18 15:47:49,443 -  *** {'type': 'l2update', 'product_id': 'XRP-EUR', 'time': '2019-08-18T15:47:49.413000Z', 'changes': [['buy', '0.25480000', '10000']]} *** 
2019-08-18 15:47:50,983 -  *** {'type': 'l2update', 'product_id': 'XRP-EUR', 'time': '2019-08-18T15:47:50.410000Z', 'changes': [['buy', '0.25470000', '118941']]} *** 
2019-08-18 15:47:51,448 -  *** {'type': 'l2update', 'product_id': 'XRP-EUR', 'time': '2019-08-18T15:47:51.423000Z', 'changes': [['buy', '0.25470000', '83566']]} *** 
2019-08-18 15:47:51,450 -  *** {'type': 'l2update', 'product_id': 'XRP-EUR', 'time': '2019-08-18T15:47:51.425000Z', 'changes': [['buy', '0.25480000', '45372']]} *** 
2019-08-18 15:47:55,452 -  *** {'type': 'l2update', 'product_id': 'XRP-EUR', 'time': '2019-08-18T15:47:55.427000Z', 'changes': [['sell', '0.25570000', '899']]} *** 
2019-08-18 15:47:55,453 -  *** {'type': 'l2update', 'product_id': 'XRP-EUR', 'time': '2019-08-18T15:47:55.427000Z', 'changes': [['sell', '0.25550000', '13100']]} *** 
2019-08-18 15:47:55,532 -  *** {'type': 'l2update', 'product_id': 'XRP-EUR', 'time': '2019-08-18T15:47:55.506000Z', 'changes': [['sell', '0.25560000', '3909']]} *** 
2019-08-18 15:47:55,533 -  *** {'type': 'l2update', 'product_id': 'XRP-EUR', 'time': '2019-08-18T15:47:55.508000Z', 'changes': [['sell', '0.25580000', '203']]} *** 
2019-08-18 15:47:55,571 -  *** {'type': 'l2update', 'product_id': 'XRP-EUR', 'time': '2019-08-18T15:47:55.547000Z', 'changes': [['sell', '0.25560000', '2912']]} *** 
2019-08-18 15:47:55,576 -  *** {'type': 'l2update', 'product_id': 'XRP-EUR', 'time': '2019-08-18T15:47:55.551000Z', 'changes': [['sell', '0.25560000', '1915']]} *** 
2019-08-18 15:47:55,607 -  *** {'type': 'l2update', 'product_id': 'XRP-EUR', 'time': '2019-08-18T15:47:55.569000Z', 'changes': [['sell', '0.25550000', '14097']]} *** 
2019-08-18 15:47:55,613 -  *** {'type': 'l2update', 'product_id': 'XRP-EUR', 'time': '2019-08-18T15:47:55.586000Z', 'changes': [['sell', '0.25550000', '15094']]} *** 
2019-08-18 15:47:55,849 -  *** {'type': 'l2update', 'product_id': 'XRP-EUR', 'time': '2019-08-18T15:47:55.825000Z', 'changes': [['sell', '0.25560000', '0']]} *** 
2019-08-18 15:47:55,856 -  *** {'type': 'l2update', 'product_id': 'XRP-EUR', 'time': '2019-08-18T15:47:55.831000Z', 'changes': [['sell', '0.25580000', '0']]} *** 
2019-08-18 15:47:55,882 -  *** {'type': 'l2update', 'product_id': 'XRP-EUR', 'time': '2019-08-18T15:47:55.855000Z', 'changes': [['sell', '0.25550000', '14097']]} *** 
2019-08-18 15:47:55,883 -  *** {'type': 'l2update', 'product_id': 'XRP-EUR', 'time': '2019-08-18T15:47:55.859000Z', 'changes': [['sell', '0.25550000', '13100']]} *** 
2019-08-18 15:47:55,904 -  *** {'type': 'l2update', 'product_id': 'XRP-EUR', 'time': '2019-08-18T15:47:55.877000Z', 'changes': [['sell', '0.25560000', '997']]} *** 
2019-08-18 15:47:55,918 -  *** {'type': 'l2update', 'product_id': 'XRP-EUR', 'time': '2019-08-18T15:47:55.893000Z', 'changes': [['sell', '0.25560000', '1994']]} *** 
2019-08-18 15:47:55,930 -  *** {'type': 'l2update', 'product_id': 'XRP-EUR', 'time': '2019-08-18T15:47:55.906000Z', 'changes': [['sell', '0.25550000', '15015']]} *** 
2019-08-18 15:47:55,944 -  *** {'type': 'l2update', 'product_id': 'XRP-EUR', 'time': '2019-08-18T15:47:55.919000Z', 'changes': [['sell', '0.25570000', '1102']]} *** 
2019-08-18 15:47:56,458 -  *** {'type': 'l2update', 'product_id': 'XRP-EUR', 'time': '2019-08-18T15:47:56.431000Z', 'changes': [['sell', '0.25570000', '899']]} *** 
2019-08-18 15:47:56,488 -  *** {'type': 'l2update', 'product_id': 'XRP-EUR', 'time': '2019-08-18T15:47:56.463000Z', 'changes': [['sell', '0.25550000', '13100']]} *** 
2019-08-18 15:47:56,544 -  *** {'type': 'l2update', 'product_id': 'XRP-EUR', 'time': '2019-08-18T15:47:56.515000Z', 'changes': [['sell', '0.25580000', '203']]} *** 
2019-08-18 15:47:56,574 -  *** {'type': 'l2update', 'product_id': 'XRP-EUR', 'time': '2019-08-18T15:47:56.549000Z', 'changes': [['sell', '0.25560000', '3909']]} *** 
2019-08-18 15:47:56,600 -  *** {'type': 'l2update', 'product_id': 'XRP-EUR', 'time': '2019-08-18T15:47:56.574000Z', 'changes': [['sell', '0.25560000', '2912']]} *** 
2019-08-18 15:47:56,608 -  *** {'type': 'l2update', 'product_id': 'XRP-EUR', 'time': '2019-08-18T15:47:56.579000Z', 'changes': [['sell', '0.25560000', '1915']]} *** 
2019-08-18 15:47:56,625 -  *** {'type': 'l2update', 'product_id': 'XRP-EUR', 'time': '2019-08-18T15:47:56.597000Z', 'changes': [['sell', '0.25550000', '14097']]} *** 
2019-08-18 15:47:56,637 -  *** {'type': 'l2update', 'product_id': 'XRP-EUR', 'time': '2019-08-18T15:47:56.611000Z', 'changes': [['sell', '0.25550000', '15094']]} *** 
2019-08-18 15:48:09,389 -  *** {'type': 'l2update', 'product_id': 'XRP-EUR', 'time': '2019-08-18T15:48:09.299000Z', 'changes': [['buy', '0.25480000', '10000']]} *** 
2019-08-18 15:48:09,777 -  *** {'type': 'l2update', 'product_id': 'XRP-EUR', 'time': '2019-08-18T15:48:09.750000Z', 'changes': [['sell', '0.25580000', '0']]} *** 
2019-08-18 15:48:09,857 -  *** {'type': 'l2update', 'product_id': 'XRP-EUR', 'time': '2019-08-18T15:48:09.832000Z', 'changes': [['sell', '0.25570000', '1102']]} *** 
2019-08-18 15:48:10,040 -  *** {'type': 'l2update', 'product_id': 'XRP-EUR', 'time': '2019-08-18T15:48:10.140000Z', 'changes': [['buy', '0.25490000', '11666']]} *** 
2019-08-18 15:48:10,041 -  *** {'type': 'ticker', 'sequence': 115743824, 'product_id': 'XRP-EUR', 'price': '0.25490000', 'open_24h': '0.23930000', 'volume_24h': '2407424', 'low_24h': '0.23660000', 'high_24h': '0.25780000', 'volume_30d': '82973277', 'best_bid': '0.2549', 'best_ask': '0.2553', 'side': 'sell', 'time': '2019-08-18T15:48:10.140000Z', 'trade_id': 517626, 'last_size': '1000.00000000'} *** 
2019-08-18 15:48:10,164 -  *** {'type': 'l2update', 'product_id': 'XRP-EUR', 'time': '2019-08-18T15:48:10.123000Z', 'changes': [['sell', '0.25560000', '0']]} *** 
2019-08-18 15:48:10,193 -  *** {'type': 'l2update', 'product_id': 'XRP-EUR', 'time': '2019-08-18T15:48:10.168000Z', 'changes': [['sell', '0.25550000', '14097']]} *** 
2019-08-18 15:48:10,202 -  *** {'type': 'l2update', 'product_id': 'XRP-EUR', 'time': '2019-08-18T15:48:10.172000Z', 'changes': [['sell', '0.25550000', '13100']]} *** 
2019-08-18 15:48:10,217 -  *** {'type': 'l2update', 'product_id': 'XRP-EUR', 'time': '2019-08-18T15:48:10.192000Z', 'changes': [['sell', '0.25560000', '997']]} *** 
2019-08-18 15:48:10,227 -  *** {'type': 'l2update', 'product_id': 'XRP-EUR', 'time': '2019-08-18T15:48:10.203000Z', 'changes': [['sell', '0.25560000', '1994']]} *** 
2019-08-18 15:48:10,233 -  *** {'type': 'l2update', 'product_id': 'XRP-EUR', 'time': '2019-08-18T15:48:10.206000Z', 'changes': [['sell', '0.25550000', '15015']]} *** 
2019-08-18 15:48:10,534 -  *** {'type': 'l2update', 'product_id': 'XRP-EUR', 'time': '2019-08-18T15:48:10.508000Z', 'changes': [['sell', '0.25570000', '899']]} *** 
2019-08-18 15:48:10,604 -  *** {'type': 'l2update', 'product_id': 'XRP-EUR', 'time': '2019-08-18T15:48:10.579000Z', 'changes': [['sell', '0.25550000', '13100']]} *** 
2019-08-18 15:48:10,616 -  *** {'type': 'l2update', 'product_id': 'XRP-EUR', 'time': '2019-08-18T15:48:10.588000Z', 'changes': [['sell', '0.25580000', '203']]} *** 
2019-08-18 15:48:10,685 -  *** {'type': 'l2update', 'product_id': 'XRP-EUR', 'time': '2019-08-18T15:48:10.660000Z', 'changes': [['sell', '0.25560000', '3909']]} *** 
2019-08-18 15:48:10,747 -  *** {'type': 'l2update', 'product_id': 'XRP-EUR', 'time': '2019-08-18T15:48:10.705000Z', 'changes': [['sell', '0.25560000', '2912']]} *** 
2019-08-18 15:48:10,748 -  *** {'type': 'l2update', 'product_id': 'XRP-EUR', 'time': '2019-08-18T15:48:10.711000Z', 'changes': [['sell', '0.25560000', '1915']]} *** 
2019-08-18 15:48:10,752 -  *** {'type': 'l2update', 'product_id': 'XRP-EUR', 'time': '2019-08-18T15:48:10.725000Z', 'changes': [['sell', '0.25550000', '14097']]} *** 
2019-08-18 15:48:10,768 -  *** {'type': 'l2update', 'product_id': 'XRP-EUR', 'time': '2019-08-18T15:48:10.741000Z', 'changes': [['sell', '0.25550000', '15094']]} *** 
2019-08-18 15:48:12,353 -  *** {'type': 'l2update', 'product_id': 'XRP-EUR', 'time': '2019-08-18T15:48:12.325000Z', 'changes': [['sell', '0.25580000', '0']]} *** 
2019-08-18 15:48:12,438 -  *** {'type': 'l2update', 'product_id': 'XRP-EUR', 'time': '2019-08-18T15:48:12.406000Z', 'changes': [['sell', '0.25570000', '1102']]} *** 
2019-08-18 15:48:12,585 -  *** {'type': 'l2update', 'product_id': 'XRP-EUR', 'time': '2019-08-18T15:48:12.560000Z', 'changes': [['sell', '0.25560000', '0']]} *** 
2019-08-18 15:48:12,660 -  *** {'type': 'l2update', 'product_id': 'XRP-EUR', 'time': '2019-08-18T15:48:12.633000Z', 'changes': [['sell', '0.25550000', '14097']]} *** 
2019-08-18 15:48:12,664 -  *** {'type': 'l2update', 'product_id': 'XRP-EUR', 'time': '2019-08-18T15:48:12.637000Z', 'changes': [['sell', '0.25550000', '13100']]} *** 
2019-08-18 15:48:12,667 -  *** {'type': 'l2update', 'product_id': 'XRP-EUR', 'time': '2019-08-18T15:48:12.642000Z', 'changes': [['sell', '0.25550000', '15015']]} *** 
2019-08-18 15:48:12,729 -  *** {'type': 'l2update', 'product_id': 'XRP-EUR', 'time': '2019-08-18T15:48:12.703000Z', 'changes': [['sell', '0.25560000', '997']]} *** 
2019-08-18 15:48:12,765 -  *** {'type': 'l2update', 'product_id': 'XRP-EUR', 'time': '2019-08-18T15:48:12.739000Z', 'changes': [['sell', '0.25560000', '1994']]} *** 
2019-08-18 15:48:13,150 -  *** {'type': 'l2update', 'product_id': 'XRP-EUR', 'time': '2019-08-18T15:48:13.123000Z', 'changes': [['buy', '0.25140000', '1075']]} *** 
2019-08-18 15:48:13,240 -  *** {'type': 'l2update', 'product_id': 'XRP-EUR', 'time': '2019-08-18T15:48:13.215000Z', 'changes': [['buy', '0.25180000', '0']]} *** 
2019-08-18 15:48:18,820 -  *** {'type': 'l2update', 'product_id': 'XRP-EUR', 'time': '2019-08-18T15:48:18.794000Z', 'changes': [['sell', '0.25570000', '899']]} *** 
2019-08-18 15:48:18,900 -  *** {'type': 'l2update', 'product_id': 'XRP-EUR', 'time': '2019-08-18T15:48:18.875000Z', 'changes': [['sell', '0.25560000', '2197']]} *** 
2019-08-18 15:48:18,907 -  *** {'type': 'l2update', 'product_id': 'XRP-EUR', 'time': '2019-08-18T15:48:18.881000Z', 'changes': [['sell', '0.25550000', '13100']]} *** 
2019-08-18 15:48:18,941 -  *** {'type': 'l2update', 'product_id': 'XRP-EUR', 'time': '2019-08-18T15:48:18.916000Z', 'changes': [['sell', '0.25560000', '1200']]} *** 
2019-08-18 15:48:18,962 -  *** {'type': 'l2update', 'product_id': 'XRP-EUR', 'time': '2019-08-18T15:48:18.937000Z', 'changes': [['sell', '0.25550000', '14097']]} *** 
2019-08-18 15:48:18,980 -  *** {'type': 'l2update', 'product_id': 'XRP-EUR', 'time': '2019-08-18T15:48:18.954000Z', 'changes': [['sell', '0.25560000', '203']]} *** 
2019-08-18 15:48:18,996 -  *** {'type': 'l2update', 'product_id': 'XRP-EUR', 'time': '2019-08-18T15:48:18.971000Z', 'changes': [['sell', '0.25540000', '11915']]} *** 
2019-08-18 15:48:19,002 -  *** {'type': 'l2update', 'product_id': 'XRP-EUR', 'time': '2019-08-18T15:48:18.976000Z', 'changes': [['sell', '0.25550000', '15094']]} *** 
2019-08-18 15:48:19,129 -  *** {'type': 'l2update', 'product_id': 'XRP-EUR', 'time': '2019-08-18T15:48:19.990000Z', 'changes': [['sell', '0.25540000', '10000']]} *** 
2019-08-18 15:48:19,208 -  *** {'type': 'l2update', 'product_id': 'XRP-EUR', 'time': '2019-08-18T15:48:19.181000Z', 'changes': [['sell', '0.25550000', '17009']]} *** 
2019-08-18 15:48:19,362 -  *** {'type': 'l2update', 'product_id': 'XRP-EUR', 'time': '2019-08-18T15:48:19.336000Z', 'changes': [['sell', '0.25560000', '0']]} *** 
2019-08-18 15:48:19,418 -  *** {'type': 'l2update', 'product_id': 'XRP-EUR', 'time': '2019-08-18T15:48:19.392000Z', 'changes': [['sell', '0.25550000', '16012']]} *** 
2019-08-18 15:48:19,427 -  *** {'type': 'l2update', 'product_id': 'XRP-EUR', 'time': '2019-08-18T15:48:19.401000Z', 'changes': [['sell', '0.25550000', '15015']]} *** 
2019-08-18 15:48:19,451 -  *** {'type': 'l2update', 'product_id': 'XRP-EUR', 'time': '2019-08-18T15:48:19.418000Z', 'changes': [['sell', '0.25570000', '1102']]} *** 
2019-08-18 15:48:21,077 -  *** {'type': 'l2update', 'product_id': 'XRP-EUR', 'time': '2019-08-18T15:48:19.425000Z', 'changes': [['sell', '0.25560000', '997']]} *** 
2019-08-18 15:48:21,078 -  *** {'type': 'l2update', 'product_id': 'XRP-EUR', 'time': '2019-08-18T15:48:19.436000Z', 'changes': [['sell', '0.25560000', '1994']]} *** 
2019-08-18 15:48:21,079 -  *** {'type': 'l2update', 'product_id': 'XRP-EUR', 'time': '2019-08-18T15:48:19.785000Z', 'changes': [['buy', '0.25480000', '0']]} *** 
2019-08-18 15:48:21,079 -  *** {'type': 'l2update', 'product_id': 'XRP-EUR', 'time': '2019-08-18T15:48:19.992000Z', 'changes': [['buy', '0.25440000', '200']]} *** 
2019-08-18 15:48:21,080 -  *** {'type': 'l2update', 'product_id': 'XRP-EUR', 'time': '2019-08-18T15:48:20.100000Z', 'changes': [['buy', '0.25460000', '0']]} *** 
2019-08-18 15:48:21,080 -  *** {'type': 'l2update', 'product_id': 'XRP-EUR', 'time': '2019-08-18T15:48:20.300000Z', 'changes': [['buy', '0.25470000', '82483']]} *** 
2019-08-18 15:48:21,080 -  *** {'type': 'l2update', 'product_id': 'XRP-EUR', 'time': '2019-08-18T15:48:20.340000Z', 'changes': [['buy', '0.25470000', '81400']]} *** 
2019-08-18 15:48:21,081 -  *** {'type': 'l2update', 'product_id': 'XRP-EUR', 'time': '2019-08-18T15:48:20.590000Z', 'changes': [['buy', '0.25460000', '1084']]} *** 
2019-08-18 15:48:21,081 -  *** {'type': 'l2update', 'product_id': 'XRP-EUR', 'time': '2019-08-18T15:48:20.630000Z', 'changes': [['buy', '0.25490000', '0']]} *** 
2019-08-18 15:48:21,081 -  *** {'type': 'l2update', 'product_id': 'XRP-EUR', 'time': '2019-08-18T15:48:20.670000Z', 'changes': [['buy', '0.25460000', '2168']]} *** 
2019-08-18 15:48:21,082 -  *** {'type': 'l2update', 'product_id': 'XRP-EUR', 'time': '2019-08-18T15:48:20.118000Z', 'changes': [['sell', '0.25560000', '997']]} *** 
2019-08-18 15:48:21,082 -  *** {'type': 'l2update', 'product_id': 'XRP-EUR', 'time': '2019-08-18T15:48:20.130000Z', 'changes': [['sell', '0.25560000', '0']]} *** 
2019-08-18 15:48:21,083 -  *** {'type': 'l2update', 'product_id': 'XRP-EUR', 'time': '2019-08-18T15:48:20.141000Z', 'changes': [['sell', '0.25530000', '6329']]} *** 
2019-08-18 15:48:21,083 -  *** {'type': 'l2update', 'product_id': 'XRP-EUR', 'time': '2019-08-18T15:48:20.157000Z', 'changes': [['sell', '0.25530000', '7326']]} *** 
2019-08-18 15:48:21,084 -  *** {'type': 'l2update', 'product_id': 'XRP-EUR', 'time': '2019-08-18T15:48:20.343000Z', 'changes': [['sell', '0.25600000', '10']]} *** 
2019-08-18 15:48:21,084 -  *** {'type': 'l2update', 'product_id': 'XRP-EUR', 'time': '2019-08-18T15:48:20.382000Z', 'changes': [['sell', '0.25590000', '22053']]} *** 
2019-08-18 15:48:21,084 -  *** {'type': 'l2update', 'product_id': 'XRP-EUR', 'time': '2019-08-18T15:48:20.785000Z', 'changes': [['buy', '0.25370000', '0']]} *** 
2019-08-18 15:48:21,084 -  *** {'type': 'l2update', 'product_id': 'XRP-EUR', 'time': '2019-08-18T15:48:20.829000Z', 'changes': [['buy', '0.25420000', '800']]} *** 
2019-08-18 15:48:21,085 -  *** {'type': 'l2update', 'product_id': 'XRP-EUR', 'time': '2019-08-18T15:48:20.991000Z', 'changes': [['buy', '0.25480000', '11671']]} *** 
2019-08-18 15:48:21,085 -  *** {'type': 'l2update', 'product_id': 'XRP-EUR', 'time': '2019-08-18T15:48:21.120000Z', 'changes': [['buy', '0.25480000', '11864']]} *** 
2019-08-18 15:48:21,085 -  *** {'type': 'l2update', 'product_id': 'XRP-EUR', 'time': '2019-08-18T15:48:21.120000Z', 'changes': [['sell', '0.25530000', '6329']]} *** 
2019-08-18 15:48:21,086 -  *** {'type': 'l2update', 'product_id': 'XRP-EUR', 'time': '2019-08-18T15:48:21.170000Z', 'changes': [['sell', '0.25530000', '5332']]} *** 
2019-08-18 15:48:21,086 -  *** {'type': 'l2update', 'product_id': 'XRP-EUR', 'time': '2019-08-18T15:48:21.330000Z', 'changes': [['sell', '0.25540000', '10997']]} *** 
2019-08-18 15:48:21,107 -  *** {'type': 'l2update', 'product_id': 'XRP-EUR', 'time': '2019-08-18T15:48:21.520000Z', 'changes': [['sell', '0.25540000', '11994']]} *** 
2019-08-18 15:48:21,653 -  *** {'type': 'l2update', 'product_id': 'XRP-EUR', 'time': '2019-08-18T15:48:21.628000Z', 'changes': [['sell', '0.25640000', '0']]} *** 
2019-08-18 15:48:21,677 -  *** {'type': 'l2update', 'product_id': 'XRP-EUR', 'time': '2019-08-18T15:48:21.649000Z', 'changes': [['sell', '0.25590000', '0']]} *** 
2019-08-18 15:48:21,703 -  *** {'type': 'l2update', 'product_id': 'XRP-EUR', 'time': '2019-08-18T15:48:21.677000Z', 'changes': [['sell', '0.25640000', '22053']]} *** 
2019-08-18 15:48:21,771 -  *** {'type': 'l2update', 'product_id': 'XRP-EUR', 'time': '2019-08-18T15:48:21.744000Z', 'changes': [['sell', '0.25590000', '22391']]} *** 
2019-08-18 15:48:21,930 -  *** {'type': 'l2update', 'product_id': 'XRP-EUR', 'time': '2019-08-18T15:48:21.906000Z', 'changes': [['sell', '0.25550000', '13100']]} *** 
2019-08-18 15:48:21,938 -  *** {'type': 'l2update', 'product_id': 'XRP-EUR', 'time': '2019-08-18T15:48:21.912000Z', 'changes': [['sell', '0.25640000', '0']]} *** 
2019-08-18 15:48:21,982 -  *** {'type': 'l2update', 'product_id': 'XRP-EUR', 'time': '2019-08-18T15:48:21.926000Z', 'changes': [['sell', '0.25570000', '899']]} *** 
2019-08-18 15:48:22,022 -  *** {'type': 'l2update', 'product_id': 'XRP-EUR', 'time': '2019-08-18T15:48:21.995000Z', 'changes': [['sell', '0.25540000', '13909']]} *** 
2019-08-18 15:48:22,033 -  *** {'type': 'l2update', 'product_id': 'XRP-EUR', 'time': '2019-08-18T15:48:22.500000Z', 'changes': [['sell', '0.25560000', '203']]} *** 
2019-08-18 15:48:22,084 -  *** {'type': 'l2update', 'product_id': 'XRP-EUR', 'time': '2019-08-18T15:48:22.550000Z', 'changes': [['sell', '0.25580000', '22053']]} *** 
2019-08-18 15:48:22,773 -  *** {'type': 'l2update', 'product_id': 'XRP-EUR', 'time': '2019-08-18T15:48:22.748000Z', 'changes': [['sell', '0.25560000', '0']]} *** 
2019-08-18 15:48:22,774 -  *** {'type': 'l2update', 'product_id': 'XRP-EUR', 'time': '2019-08-18T15:48:22.748000Z', 'changes': [['sell', '0.25540000', '11994']]} *** 
2019-08-18 15:48:22,850 -  *** {'type': 'l2update', 'product_id': 'XRP-EUR', 'time': '2019-08-18T15:48:22.825000Z', 'changes': [['sell', '0.25570000', '1102']]} *** 
2019-08-18 15:48:22,864 -  *** {'type': 'l2update', 'product_id': 'XRP-EUR', 'time': '2019-08-18T15:48:22.834000Z', 'changes': [['sell', '0.25550000', '15015']]} *** 
2019-08-18 15:48:23,318 -  *** {'type': 'l2update', 'product_id': 'XRP-EUR', 'time': '2019-08-18T15:48:23.293000Z', 'changes': [['buy', '0.25420000', '0']]} *** 
2019-08-18 15:48:23,356 -  *** {'type': 'l2update', 'product_id': 'XRP-EUR', 'time': '2019-08-18T15:48:23.331000Z', 'changes': [['buy', '0.25240000', '2800']]} *** 
2019-08-18 15:48:23,422 -  *** {'type': 'l2update', 'product_id': 'XRP-EUR', 'time': '2019-08-18T15:48:23.390000Z', 'changes': [['buy', '0.25480000', '193']]} *** 
2019-08-18 15:48:25,789 -  *** {'type': 'l2update', 'product_id': 'XRP-EUR', 'time': '2019-08-18T15:48:25.762000Z', 'changes': [['buy', '0.25240000', '2000']]} *** 
2019-08-18 15:48:25,821 -  *** {'type': 'l2update', 'product_id': 'XRP-EUR', 'time': '2019-08-18T15:48:25.796000Z', 'changes': [['buy', '0.25420000', '800']]} *** 
2019-08-18 15:48:25,874 -  *** {'type': 'l2update', 'product_id': 'XRP-EUR', 'time': '2019-08-18T15:48:25.848000Z', 'changes': [['buy', '0.25480000', '11861']]} *** 
2019-08-18 15:48:26,057 -  *** {'type': 'l2update', 'product_id': 'XRP-EUR', 'time': '2019-08-18T15:48:26.320000Z', 'changes': [['sell', '0.25570000', '899']]} *** 
2019-08-18 15:48:26,064 -  *** {'type': 'l2update', 'product_id': 'XRP-EUR', 'time': '2019-08-18T15:48:26.360000Z', 'changes': [['sell', '0.25550000', '13100']]} *** 
2019-08-18 15:48:26,144 -  *** {'type': 'l2update', 'product_id': 'XRP-EUR', 'time': '2019-08-18T15:48:26.119000Z', 'changes': [['sell', '0.25560000', '203']]} *** 
2019-08-18 15:48:26,147 -  *** {'type': 'l2update', 'product_id': 'XRP-EUR', 'time': '2019-08-18T15:48:26.122000Z', 'changes': [['sell', '0.25540000', '13909']]} *** 
2019-08-18 15:48:28,216 -  *** {'type': 'l2update', 'product_id': 'XRP-EUR', 'time': '2019-08-18T15:48:28.192000Z', 'changes': [['buy', '0.25420000', '0']]} *** 
2019-08-18 15:48:28,249 -  *** {'type': 'l2update', 'product_id': 'XRP-EUR', 'time': '2019-08-18T15:48:28.224000Z', 'changes': [['buy', '0.25240000', '2800']]} *** 
2019-08-18 15:48:28,518 -  *** {'type': 'l2update', 'product_id': 'XRP-EUR', 'time': '2019-08-18T15:48:28.492000Z', 'changes': [['sell', '0.25590000', '0']]} *** 
2019-08-18 15:48:28,534 -  *** {'type': 'l2update', 'product_id': 'XRP-EUR', 'time': '2019-08-18T15:48:28.509000Z', 'changes': [['sell', '0.25580000', '0']]} *** 
2019-08-18 15:48:28,607 -  *** {'type': 'l2update', 'product_id': 'XRP-EUR', 'time': '2019-08-18T15:48:28.581000Z', 'changes': [['sell', '0.25640000', '22053']]} *** 
2019-08-18 15:48:28,639 -  *** {'type': 'l2update', 'product_id': 'XRP-EUR', 'time': '2019-08-18T15:48:28.612000Z', 'changes': [['sell', '0.25640000', '44444']]} *** 
2019-08-18 15:48:28,766 -  *** {'type': 'l2update', 'product_id': 'XRP-EUR', 'time': '2019-08-18T15:48:28.635000Z', 'changes': [['sell', '0.25640000', '22391']]} *** 
2019-08-18 15:48:28,783 -  *** {'type': 'l2update', 'product_id': 'XRP-EUR', 'time': '2019-08-18T15:48:28.679000Z', 'changes': [['sell', '0.25590000', '22053']]} *** 
2019-08-18 15:48:30,969 -  *** {'type': 'l2update', 'product_id': 'XRP-EUR', 'time': '2019-08-18T15:48:30.934000Z', 'changes': [['sell', '0.25560000', '0']]} *** 
2019-08-18 15:48:30,970 -  *** {'type': 'l2update', 'product_id': 'XRP-EUR', 'time': '2019-08-18T15:48:30.935000Z', 'changes': [['sell', '0.25540000', '11994']]} *** 
2019-08-18 15:48:31,049 -  *** {'type': 'l2update', 'product_id': 'XRP-EUR', 'time': '2019-08-18T15:48:31.230000Z', 'changes': [['sell', '0.25570000', '1102']]} *** 
2019-08-18 15:48:31,050 -  *** {'type': 'l2update', 'product_id': 'XRP-EUR', 'time': '2019-08-18T15:48:31.240000Z', 'changes': [['sell', '0.25550000', '15015']]} *** 
2019-08-18 15:48:32,767 -  *** {'type': 'l2update', 'product_id': 'XRP-EUR', 'time': '2019-08-18T15:48:32.736000Z', 'changes': [['buy', '0.25470000', '11400']]} *** 
2019-08-18 15:48:32,768 -  *** {'type': 'l2update', 'product_id': 'XRP-EUR', 'time': '2019-08-18T15:48:32.741000Z', 'changes': [['buy', '0.25410000', '0']]} *** 
2019-08-18 15:48:32,776 -  *** {'type': 'l2update', 'product_id': 'XRP-EUR', 'time': '2019-08-18T15:48:32.751000Z', 'changes': [['buy', '0.25350000', '6370']]} *** 
2019-08-18 15:48:32,876 -  *** {'type': 'l2update', 'product_id': 'XRP-EUR', 'time': '2019-08-18T15:48:32.848000Z', 'changes': [['buy', '0.25440000', '70200']]} *** 
2019-08-18 15:48:32,982 -  *** {'type': 'l2update', 'product_id': 'XRP-EUR', 'time': '2019-08-18T15:48:32.952000Z', 'changes': [['buy', '0.25470000', '21400']]} *** 
2019-08-18 15:48:33,138 -  *** {'type': 'l2update', 'product_id': 'XRP-EUR', 'time': '2019-08-18T15:48:33.114000Z', 'changes': [['sell', '0.25570000', '899']]} *** 
2019-08-18 15:48:33,191 -  *** {'type': 'l2update', 'product_id': 'XRP-EUR', 'time': '2019-08-18T15:48:33.165000Z', 'changes': [['buy', '0.25470000', '11400']]} *** 
2019-08-18 15:48:33,226 -  *** {'type': 'l2update', 'product_id': 'XRP-EUR', 'time': '2019-08-18T15:48:33.200000Z', 'changes': [['sell', '0.25550000', '15218']]} *** 
2019-08-18 15:48:33,235 -  *** {'type': 'l2update', 'product_id': 'XRP-EUR', 'time': '2019-08-18T15:48:33.209000Z', 'changes': [['sell', '0.25550000', '13303']]} *** 
2019-08-18 15:48:33,321 -  *** {'type': 'l2update', 'product_id': 'XRP-EUR', 'time': '2019-08-18T15:48:33.295000Z', 'changes': [['sell', '0.25530000', '7247']]} *** 
2019-08-18 15:48:33,364 -  *** {'type': 'l2update', 'product_id': 'XRP-EUR', 'time': '2019-08-18T15:48:33.334000Z', 'changes': [['buy', '0.25470000', '21400']]} *** 
2019-08-18 15:48:33,428 -  *** {'type': 'l2update', 'product_id': 'XRP-EUR', 'time': '2019-08-18T15:48:33.403000Z', 'changes': [['buy', '0.25240000', '2000']]} *** 
2019-08-18 15:48:33,463 -  *** {'type': 'l2update', 'product_id': 'XRP-EUR', 'time': '2019-08-18T15:48:33.438000Z', 'changes': [['buy', '0.25360000', '225851']]} *** 
2019-08-18 15:48:33,474 -  *** {'type': 'l2update', 'product_id': 'XRP-EUR', 'time': '2019-08-18T15:48:33.441000Z', 'changes': [['buy', '0.25450000', '37323']]} *** 
2019-08-18 15:48:33,475 -  *** {'type': 'l2update', 'product_id': 'XRP-EUR', 'time': '2019-08-18T15:48:33.446000Z', 'changes': [['sell', '0.25520000', '7563']]} *** 
2019-08-18 15:48:33,531 -  *** {'type': 'l2update', 'product_id': 'XRP-EUR', 'time': '2019-08-18T15:48:33.504000Z', 'changes': [['buy', '0.25470000', '11400']]} *** 
2019-08-18 15:48:33,698 -  *** {'type': 'l2update', 'product_id': 'XRP-EUR', 'time': '2019-08-18T15:48:33.672000Z', 'changes': [['sell', '0.25540000', '1994']]} *** 
2019-08-18 15:48:33,770 -  *** {'type': 'l2update', 'product_id': 'XRP-EUR', 'time': '2019-08-18T15:48:33.733000Z', 'changes': [['buy', '0.25470000', '21400']]} *** 
2019-08-18 15:48:33,829 -  *** {'type': 'l2update', 'product_id': 'XRP-EUR', 'time': '2019-08-18T15:48:33.803000Z', 'changes': [['buy', '0.25450000', '35408']]} *** 
2019-08-18 15:48:33,829 -  *** {'type': 'l2update', 'product_id': 'XRP-EUR', 'time': '2019-08-18T15:48:33.804000Z', 'changes': [['buy', '0.25430000', '27673']]} *** 
2019-08-18 15:48:33,912 -  *** {'type': 'l2update', 'product_id': 'XRP-EUR', 'time': '2019-08-18T15:48:33.884000Z', 'changes': [['buy', '0.25430000', '29588']]} *** 
2019-08-18 15:48:33,916 -  *** {'type': 'l2update', 'product_id': 'XRP-EUR', 'time': '2019-08-18T15:48:33.891000Z', 'changes': [['buy', '0.25410000', '1915']]} *** 
2019-08-18 15:48:33,970 -  *** {'type': 'l2update', 'product_id': 'XRP-EUR', 'time': '2019-08-18T15:48:33.943000Z', 'changes': [['buy', '0.25470000', '11400']]} *** 
2019-08-18 15:48:34,212 -  *** {'type': 'l2update', 'product_id': 'XRP-EUR', 'time': '2019-08-18T15:48:34.187000Z', 'changes': [['buy', '0.25470000', '21400']]} *** 
2019-08-18 15:48:34,284 -  *** {'type': 'l2update', 'product_id': 'XRP-EUR', 'time': '2019-08-18T15:48:34.259000Z', 'changes': [['sell', '0.25530000', '1915']]} *** 
2019-08-18 15:48:34,388 -  *** {'type': 'l2update', 'product_id': 'XRP-EUR', 'time': '2019-08-18T15:48:34.363000Z', 'changes': [['buy', '0.25470000', '11400']]} *** 
2019-08-18 15:48:34,467 -  *** {'type': 'l2update', 'product_id': 'XRP-EUR', 'time': '2019-08-18T15:48:34.441000Z', 'changes': [['sell', '0.25530000', '11915']]} *** 
2019-08-18 15:48:34,633 -  *** {'type': 'l2update', 'product_id': 'XRP-EUR', 'time': '2019-08-18T15:48:34.607000Z', 'changes': [['buy', '0.25470000', '21400']]} *** 
2019-08-18 15:48:34,799 -  *** {'type': 'l2update', 'product_id': 'XRP-EUR', 'time': '2019-08-18T15:48:34.773000Z', 'changes': [['buy', '0.25470000', '11400']]} *** 
2019-08-18 15:48:34,892 -  *** {'type': 'l2update', 'product_id': 'XRP-EUR', 'time': '2019-08-18T15:48:34.863000Z', 'changes': [['sell', '0.25540000', '8326']]} *** 
2019-08-18 15:48:35,019 -  *** {'type': 'l2update', 'product_id': 'XRP-EUR', 'time': '2019-08-18T15:48:34.994000Z', 'changes': [['buy', '0.25470000', '21400']]} *** 
2019-08-18 15:48:35,236 -  *** {'type': 'l2update', 'product_id': 'XRP-EUR', 'time': '2019-08-18T15:48:35.207000Z', 'changes': [['buy', '0.25470000', '11400']]} *** 
2020-01-28 12:23:36,368 -  *** {'type': 'subscriptions', 'channels': [{'name': 'level2', 'product_ids': ['XRP-EUR']}, {'name': 'ticker', 'product_ids': ['XRP-EUR']}]} *** 
2020-01-28 12:23:36,485 -  *** {'type': 'snapshot', 'product_id': 'XRP-EUR', 'asks': [['0.2122', '834'], ['0.2123', '26987'], ['0.2124', '214991'], ['0.2125', '10831'], ['0.2126', '185350'], ['0.2127', '600'], ['0.2128', '200'], ['0.2129', '10200'], ['0.2130', '74879'], ['0.2131', '200'], ['0.2132', '55'], ['0.2133', '15173'], ['0.2134', '17429'], ['0.2135', '9100'], ['0.2136', '1672'], ['0.2138', '66397'], ['0.2139', '147963'], ['0.2140', '3398'], ['0.2141', '1'], ['0.2143', '174'], ['0.2148', '39'], ['0.2149', '4'], ['0.2150', '270371'], ['0.2156', '58701'], ['0.2157', '29713'], ['0.2159', '2316'], ['0.2160', '11'], ['0.2165', '480'], ['0.2168', '2353'], ['0.2169', '4'], ['0.2170', '8338'], ['0.2173', '690'], ['0.2174', '19824'], ['0.2175', '65037'], ['0.2179', '2625'], ['0.2180', '749'], ['0.2186', '53'], ['0.2193', '172075'], ['0.2196', '50'], ['0.2197', '1'], ['0.2198', '2372'], ['0.2200', '12517'], ['0.2201', '3882'], ['0.2202', '1184'], ['0.2205', '5'], ['0.2210', '1270'], ['0.2212', '3271'], ['0.2216', '16787'], ['0.2217', '2234'], ['0.2219', '107'], ['0.2220', '10850'], ['0.2225', '654'], ['0.2226', '296'], ['0.2229', '15'], ['0.2230', '6610'], ['0.2231', '5'], ['0.2237', '538'], ['0.2238', '39'], ['0.2239', '2022'], ['0.2240', '475'], ['0.2246', '1'], ['0.2247', '2225'], ['0.2249', '70'], ['0.2250', '16434'], ['0.2252', '5941'], ['0.2254', '2'], ['0.2256', '15'], ['0.2260', '400'], ['0.2264', '5'], ['0.2265', '7000'], ['0.2270', '271'], ['0.2272', '250'], ['0.2273', '126'], ['0.2275', '4125'], ['0.2278', '15'], ['0.2280', '1652'], ['0.2282', '3010'], ['0.2285', '12049'], ['0.2286', '564'], ['0.2289', '5000'], ['0.2290', '10977'], ['0.2295', '4175'], ['0.2296', '6'], ['0.2300', '74995'], ['0.2301', '169'], ['0.2302', '4763'], ['0.2304', '137'], ['0.2310', '10469'], ['0.2316', '2'], ['0.2318', '2'], ['0.2320', '17'], ['0.2321', '175'], ['0.2327', '4000'], ['0.2328', '132'], ['0.2333', '5100'], ['0.2334', '39'], ['0.2341', '15'], ['0.2342', '1'], ['0.2344', '100'], ['0.2348', '1073'], ['0.2350', '2212'], ['0.2360', '16731'], ['0.2361', '24'], ['0.2365', '5'], ['0.2370', '225'], ['0.2371', '15'], ['0.2374', '700'], ['0.2376', '44'], ['0.2380', '42761'], ['0.2384', '1637'], ['0.2385', '5208'], ['0.2389', '175'], ['0.2390', '3450'], ['0.2393', '11'], ['0.2395', '17955'], ['0.2398', '2395'], ['0.2399', '5'], ['0.2400', '46113'], ['0.2402', '108'], ['0.2404', '15'], ['0.2411', '20'], ['0.2422', '30'], ['0.2424', '1663'], ['0.2428', '10'], ['0.2430', '1584'], ['0.2433', '1'], ['0.2440', '8000'], ['0.2441', '5'], ['0.2444', '39'], ['0.2446', '467'], ['0.2450', '5094'], ['0.2452', '1'], ['0.2459', '1'], ['0.2460', '39'], ['0.2461', '6'], ['0.2462', '282'], ['0.2466', '1'], ['0.2480', '342'], ['0.2485', '250'], ['0.2490', '10008'], ['0.2495', '250'], ['0.2496', '1'], ['0.2497', '1924'], ['0.2500', '11683'], ['0.2502', '4700'], ['0.2503', '48'], ['0.2510', '450'], ['0.2520', '460'], ['0.2522', '15'], ['0.2523', '400'], ['0.2525', '100'], ['0.2527', '1'], ['0.2530', '808'], ['0.2535', '251'], ['0.2536', '109'], ['0.2538', '30'], ['0.2540', '1000'], ['0.2541', '39'], ['0.2549', '2531'], ['0.2550', '8120'], ['0.2552', '1'], ['0.2555', '100'], ['0.2558', '15'], ['0.2561', '15'], ['0.2569', '4444'], ['0.2570', '2000'], ['0.2573', '1068'], ['0.2575', '370'], ['0.2577', '80'], ['0.2580', '81'], ['0.2582', '249'], ['0.2590', '30'], ['0.2592', '450'], ['0.2593', '11'], ['0.2599', '1190'], ['0.2600', '52593'], ['0.2603', '137'], ['0.2604', '33'], ['0.2608', '15'], ['0.2610', '15643'], ['0.2613', '1071'], ['0.2620', '3365'], ['0.2621', '15'], ['0.2622', '1'], ['0.2625', '3134'], ['0.2626', '3294'], ['0.2629', '213'], ['0.2632', '488'], ['0.2635', '2'], ['0.2636', '1'], ['0.2639', '16023'], ['0.2640', '15'], ['0.2643', '41'], ['0.2645', '75'], ['0.2650', '4136'], ['0.2651', '15'], ['0.2653', '30'], ['0.2660', '300'], ['0.2669', '15'], ['0.2670', '3371'], ['0.2675', '1'], ['0.2682', '3777'], ['0.2684', '36'], ['0.2685', '1048'], ['0.2688', '500'], ['0.2690', '500'], ['0.2694', '2100'], ['0.2699', '40'], ['0.2700', '12781'], ['0.2702', '15'], ['0.2710', '20'], ['0.2712', '15'], ['0.2714', '597'], ['0.2716', '320'], ['0.2720', '1113'], ['0.2721', '10'], ['0.2725', '39'], ['0.2730', '14478'], ['0.2731', '206'], ['0.2733', '50'], ['0.2734', '198'], ['0.2738', '2089'], ['0.2740', '182'], ['0.2742', '37'], ['0.2745', '971'], ['0.2749', '2910'], ['0.2750', '10553'], ['0.2754', '163'], ['0.2755', '1000'], ['0.2759', '2700'], ['0.2761', '15'], ['0.2763', '500'], ['0.2766', '39'], ['0.2768', '30'], ['0.2769', '57'], ['0.2770', '700'], ['0.2773', '193'], ['0.2775', '300'], ['0.2777', '234'], ['0.2780', '511'], ['0.2781', '500'], ['0.2782', '130'], ['0.2788', '3'], ['0.2789', '2337'], ['0.2790', '12436'], ['0.2792', '159'], ['0.2793', '15'], ['0.2794', '1400'], ['0.2797', '100'], ['0.2800', '31762'], ['0.2804', '141'], ['0.2805', '1500'], ['0.2806', '755'], ['0.2810', '905'], ['0.2811', '1165'], ['0.2814', '2500'], ['0.2815', '259'], ['0.2816', '2000'], ['0.2820', '8'], ['0.2823', '15'], ['0.2826', '1920'], ['0.2828', '2561'], ['0.2840', '1876'], ['0.2846', '577'], ['0.2847', '273'], ['0.2850', '7154'], ['0.2851', '10'], ['0.2853', '7718'], ['0.2858', '190'], ['0.2859', '1'], ['0.2860', '785'], ['0.2872', '10'], ['0.2875', '42364'], ['0.2877', '2424'], ['0.2884', '1030'], ['0.2886', '20'], ['0.2888', '200'], ['0.2890', '1300'], ['0.2895', '23'], ['0.2898', '75'], ['0.2899', '1'], ['0.2900', '93762'], ['0.2901', '5'], ['0.2904', '100'], ['0.2905', '500'], ['0.2906', '128'], ['0.2908', '100'], ['0.2909', '100'], ['0.2911', '14'], ['0.2912', '200'], ['0.2914', '62'], ['0.2920', '6574'], ['0.2921', '60'], ['0.2924', '80'], ['0.2925', '2000'], ['0.2930', '287'], ['0.2931', '13'], ['0.2932', '13'], ['0.2933', '47'], ['0.2935', '14483'], ['0.2941', '188'], ['0.2944', '816'], ['0.2950', '17029'], ['0.2952', '8799'], ['0.2953', '150'], ['0.2955', '250'], ['0.2958', '15'], ['0.2959', '1975'], ['0.2960', '502'], ['0.2961', '13'], ['0.2967', '10'], ['0.2969', '300'], ['0.2970', '20168'], ['0.2971', '289'], ['0.2978', '300'], ['0.2979', '85'], ['0.2980', '16926'], ['0.2981', '55'], ['0.2988', '3'], ['0.2990', '82908'], ['0.2991', '13'], ['0.2992', '115'], ['0.2995', '513'], ['0.2998', '88'], ['0.2999', '2531'], ['0.3000', '76863'], ['0.3001', '150'], ['0.3010', '28'], ['0.3012', '664'], ['0.3014', '3'], ['0.3025', '4400'], ['0.3026', '1000'], ['0.3027', '83'], ['0.3031', '70'], ['0.3035', '49'], ['0.3041', '23'], ['0.3050', '276'], ['0.3053', '272'], ['0.3055', '288'], ['0.3057', '5'], ['0.3059', '2'], ['0.3060', '6735'], ['0.3061', '2'], ['0.3071', '24'], ['0.3080', '34'], ['0.3086', '40'], ['0.3089', '107'], ['0.3096', '80'], ['0.3099', '1'], ['0.3100', '24813'], ['0.3101', '13'], ['0.3104', '160'], ['0.3107', '50'], ['0.3110', '24'], ['0.3112', '10'], ['0.3114', '30'], ['0.3120', '16588'], ['0.3125', '4196'], ['0.3130', '1536'], ['0.3131', '4000'], ['0.3132', '13'], ['0.3136', '10'], ['0.3150', '1769'], ['0.3159', '2'], ['0.3161', '26'], ['0.3164', '30'], ['0.3173', '18'], ['0.3180', '30'], ['0.3190', '5886'], ['0.3192', '23'], ['0.3194', '10'], ['0.3199', '1'], ['0.3200', '30880'], ['0.3210', '430'], ['0.3216', '10'], ['0.3220', '13'], ['0.3228', '10'], ['0.3230', '30'], ['0.3234', '51'], ['0.3249', '2641'], ['0.3250', '780'], ['0.3251', '13'], ['0.3255', '110'], ['0.3258', '10'], ['0.3260', '70'], ['0.3267', '2'], ['0.3270', '919'], ['0.3273', '20'], ['0.3277', '966'], ['0.3280', '555'], ['0.3281', '13'], ['0.3288', '500'], ['0.3289', '10'], ['0.3299', '2501'], ['0.3300', '3627'], ['0.3310', '23'], ['0.3312', '38'], ['0.3324', '950'], ['0.3325', '4000'], ['0.3330', '2086'], ['0.3336', '275'], ['0.3341', '13'], ['0.3345', '30'], ['0.3348', '23'], ['0.3350', '3500'], ['0.3351', '10'], ['0.3360', '500'], ['0.3370', '40'], ['0.3371', '13'], ['0.3375', '750'], ['0.3382', '11'], ['0.3395', '18611'], ['0.3399', '1'], ['0.3400', '4377'], ['0.3402', '13'], ['0.3410', '11'], ['0.3413', '35'], ['0.3419', '300'], ['0.3420', '250'], ['0.3423', '20000'], ['0.3426', '161'], ['0.3432', '24'], ['0.3433', '1016'], ['0.3439', '1125'], ['0.3440', '600'], ['0.3446', '3061'], ['0.3450', '2301'], ['0.3460', '30'], ['0.3461', '13'], ['0.3475', '11'], ['0.3480', '700'], ['0.3484', '40'], ['0.3489', '200'], ['0.3490', '18612'], ['0.3492', '13'], ['0.3496', '22'], ['0.3499', '21'], ['0.3500', '91000'], ['0.3501', '4054'], ['0.3506', '11'], ['0.3510', '20'], ['0.3511', '56'], ['0.3514', '1'], ['0.3520', '534'], ['0.3526', '82'], ['0.3527', '80'], ['0.3534', '3040'], ['0.3539', '11'], ['0.3540', '338'], ['0.3541', '10'], ['0.3545', '80'], ['0.3550', '590'], ['0.3560', '1314'], ['0.3562', '15'], ['0.3570', '658'], ['0.3571', '10'], ['0.3574', '670'], ['0.3575', '500'], ['0.3578', '100'], ['0.3582', '26'], ['0.3586', '100'], ['0.3587', '700'], ['0.3589', '796'], ['0.3591', '11'], ['0.3595', '977'], ['0.3599', '1'], ['0.3600', '3007'], ['0.3601', '10'], ['0.3612', '41'], ['0.3620', '800'], ['0.3636', '666'], ['0.3638', '8'], ['0.3639', '2673'], ['0.3640', '699'], ['0.3645', '288'], ['0.3647', '60'], ['0.3648', '69'], ['0.3649', '500'], ['0.3650', '2446'], ['0.3665', '21'], ['0.3670', '1100'], ['0.3671', '10'], ['0.3680', '4'], ['0.3685', '211'], ['0.3688', '500'], ['0.3690', '500'], ['0.3691', '30'], ['0.3694', '40'], ['0.3699', '241'], ['0.3700', '10389'], ['0.3712', '10'], ['0.3715', '22'], ['0.3719', '50'], ['0.3732', '10'], ['0.3733', '1119'], ['0.3740', '73'], ['0.3745', '66'], ['0.3750', '1767'], ['0.3758', '16734'], ['0.3763', '13'], ['0.3765', '10'], ['0.3768', '10'], ['0.3770', '1094'], ['0.3773', '2000'], ['0.3776', '20'], ['0.3780', '3406'], ['0.3788', '200'], ['0.3793', '10'], ['0.3799', '3501'], ['0.3800', '11164'], ['0.3802', '20'], ['0.3813', '10'], ['0.3815', '297'], ['0.3821', '39'], ['0.3830', '50'], ['0.3831', '10'], ['0.3833', '5009'], ['0.3840', '279'], ['0.3842', '240'], ['0.3846', '20'], ['0.3850', '1747'], ['0.3852', '10'], ['0.3870', '41'], ['0.3872', '3000'], ['0.3873', '13'], ['0.3880', '1000'], ['0.3888', '500'], ['0.3890', '440'], ['0.3892', '10'], ['0.3899', '201'], ['0.3900', '19188'], ['0.3901', '70'], ['0.3912', '10'], ['0.3922', '30'], ['0.3926', '11'], ['0.3930', '4000'], ['0.3937', '200'], ['0.3938', '25'], ['0.3939', '950'], ['0.3940', '76'], ['0.3945', '2000'], ['0.3948', '90'], ['0.3950', '6566'], ['0.3951', '80'], ['0.3956', '1324'], ['0.3961', '500'], ['0.3968', '10'], ['0.3969', '11'], ['0.3970', '1050'], ['0.3980', '3005'], ['0.3981', '2'], ['0.3988', '20'], ['0.3990', '16997'], ['0.3993', '500'], ['0.3995', '39'], ['0.3996', '5'], ['0.3999', '1'], ['0.4000', '64378'], ['0.4003', '37'], ['0.4007', '10000'], ['0.4009', '70'], ['0.4010', '2727'], ['0.4011', '10'], ['0.4016', '33'], ['0.4021', '20'], ['0.4030', '150'], ['0.4039', '5000'], ['0.4040', '573'], ['0.4046', '340'], ['0.4050', '5232'], ['0.4057', '50'], ['0.4067', '15'], ['0.4080', '18'], ['0.4083', '13'], ['0.4089', '10'], ['0.4090', '1129'], ['0.4094', '200'], ['0.4099', '4302'], ['0.4100', '12301'], ['0.4109', '1000'], ['0.4120', '3379'], ['0.4121', '10'], ['0.4122', '929'], ['0.4123', '5'], ['0.4124', '280'], ['0.4125', '267'], ['0.4127', '2217'], ['0.4141', '14595'], ['0.4145', '33'], ['0.4148', '40000'], ['0.4150', '4192'], ['0.4152', '30'], ['0.4164', '10'], ['0.4165', '150'], ['0.4167', '100'], ['0.4174', '500'], ['0.4177', '80'], ['0.4180', '3258'], ['0.4182', '39'], ['0.4185', '30'], ['0.4189', '200'], ['0.4190', '820'], ['0.4195', '1735'], ['0.4196', '449'], ['0.4199', '327'], ['0.4200', '9168'], ['0.4205', '10'], ['0.4210', '3324'], ['0.4213', '5'], ['0.4220', '145'], ['0.4228', '8073'], ['0.4229', '2350'], ['0.4235', '1029'], ['0.4240', '5'], ['0.4242', '10'], ['0.4250', '14321'], ['0.4251', '225'], ['0.4256', '12'], ['0.4257', '520'], ['0.4269', '100'], ['0.4270', '689'], ['0.4275', '5'], ['0.4280', '3688'], ['0.4286', '10'], ['0.4288', '500'], ['0.4290', '9863'], ['0.4293', '10'], ['0.4296', '20'], ['0.4299', '24250'], ['0.4300', '8277'], ['0.4302', '168'], ['0.4303', '40'], ['0.4307', '10'], ['0.4309', '10'], ['0.4310', '375'], ['0.4313', '461'], ['0.4316', '10'], ['0.4319', '10'], ['0.4320', '510'], ['0.4329', '8557'], ['0.4330', '1265'], ['0.4340', '587'], ['0.4341', '65'], ['0.4342', '500'], ['0.4346', '10'], ['0.4349', '1000'], ['0.4350', '5522'], ['0.4354', '31'], ['0.4360', '20'], ['0.4364', '10'], ['0.4368', '20'], ['0.4370', '70'], ['0.4373', '39'], ['0.4375', '20'], ['0.4380', '1861'], ['0.4383', '30'], ['0.4385', '20'], ['0.4389', '50'], ['0.4390', '6020'], ['0.4392', '10'], ['0.4393', '30'], ['0.4395', '2530'], ['0.4398', '31'], ['0.4399', '2'], ['0.4400', '32063'], ['0.4401', '196'], ['0.4407', '119'], ['0.4409', '50'], ['0.4412', '1075'], ['0.4415', '20'], ['0.4420', '1499'], ['0.4427', '30'], ['0.4430', '30'], ['0.4433', '20'], ['0.4434', '453'], ['0.4440', '307'], ['0.4442', '15'], ['0.4443', '3453'], ['0.4444', '30'], ['0.4448', '3126'], ['0.4449', '30'], ['0.4450', '3499'], ['0.4451', '1770'], ['0.4454', '40'], ['0.4455', '20'], ['0.4458', '20'], ['0.4460', '30'], ['0.4463', '30'], ['0.4464', '10'], ['0.4465', '5'], ['0.4470', '1708'], ['0.4474', '116'], ['0.4475', '30'], ['0.4480', '442'], ['0.4481', '30'], ['0.4482', '20'], ['0.4488', '113'], ['0.4490', '17933'], ['0.4492', '140'], ['0.4493', '30'], ['0.4495', '6328'], ['0.4497', '5200'], ['0.4498', '285'], ['0.4499', '1002'], ['0.4500', '44527'], ['0.4502', '20'], ['0.4510', '10'], ['0.4516', '911'], ['0.4518', '75'], ['0.4519', '5'], ['0.4521', '10'], ['0.4525', '20'], ['0.4530', '10'], ['0.4532', '20'], ['0.4533', '5'], ['0.4540', '20'], ['0.4550', '732'], ['0.4552', '10'], ['0.4554', '20'], ['0.4559', '20'], ['0.4561', '10'], ['0.4566', '39'], ['0.4567', '75'], ['0.4569', '20'], ['0.4570', '10'], ['0.4571', '691'], ['0.4572', '262'], ['0.4580', '20'], ['0.4581', '20'], ['0.4582', '1000'], ['0.4588', '1000'], ['0.4590', '10'], ['0.4593', '20'], ['0.4598', '30'], ['0.4599', '3'], ['0.4600', '6855'], ['0.4601', '10'], ['0.4602', '10'], ['0.4603', '11'], ['0.4605', '20'], ['0.4606', '285'], ['0.4609', '13'], ['0.4614', '30'], ['0.4615', '1000'], ['0.4619', '10'], ['0.4622', '484'], ['0.4625', '310'], ['0.4630', '10'], ['0.4633', '1330'], ['0.4637', '300'], ['0.4643', '10'], ['0.4646', '10'], ['0.4648', '2913'], ['0.4650', '10'], ['0.4652', '10'], ['0.4663', '30'], ['0.4670', '10'], ['0.4672', '20'], ['0.4676', '10'], ['0.4680', '20'], ['0.4688', '10'], ['0.4691', '10'], ['0.4693', '30'], ['0.4699', '2'], ['0.4700', '320'], ['0.4709', '10'], ['0.4710', '20'], ['0.4720', '20'], ['0.4725', '30'], ['0.4728', '300'], ['0.4732', '11'], ['0.4740', '20032'], ['0.4746', '20'], ['0.4750', '6210'], ['0.4755', '39'], ['0.4770', '4800'], ['0.4771', '38'], ['0.4777', '470'], ['0.4780', '1688'], ['0.4781', '10'], ['0.4795', '30'], ['0.4799', '38'], ['0.4800', '1914'], ['0.4815', '20'], ['0.4830', '40'], ['0.4840', '20'], ['0.4841', '10'], ['0.4850', '5'], ['0.4855', '20'], ['0.4858', '20'], ['0.4859', '2'], ['0.4867', '20'], ['0.4880', '1648'], ['0.4886', '20'], ['0.4888', '500'], ['0.4889', '10'], ['0.4892', '20'], ['0.4897', '205'], ['0.4899', '2'], ['0.4900', '4978'], ['0.4902', '40'], ['0.4916', '20'], ['0.4920', '970'], ['0.4921', '10'], ['0.4922', '38'], ['0.4930', '1893'], ['0.4936', '10'], ['0.4937', '60'], ['0.4940', '20'], ['0.4941', '39'], ['0.4950', '1910'], ['0.4959', '22'], ['0.4962', '10'], ['0.4965', '20'], ['0.4985', '20'], ['0.4987', '740'], ['0.4990', '94'], ['0.4993', '11'], ['0.4999', '53'], ['0.5000', '147186'], ['0.5010', '36'], ['0.5021', '5'], ['0.5022', '20'], ['0.5030', '70'], ['0.5032', '10'], ['0.5042', '5'], ['0.5050', '13'], ['0.5053', '20'], ['0.5060', '1500'], ['0.5061', '10'], ['0.5069', '20'], ['0.5070', '10'], ['0.5077', '20'], ['0.5081', '20'], ['0.5086', '50'], ['0.5090', '15010'], ['0.5092', '100'], ['0.5093', '5'], ['0.5100', '2430'], ['0.5111', '250'], ['0.5131', '30'], ['0.5140', '10'], ['0.5150', '4'], ['0.5160', '300'], ['0.5180', '29'], ['0.5190', '247'], ['0.5191', '10'], ['0.5199', '4'], ['0.5200', '17336'], ['0.5202', '20'], ['0.5230', '20'], ['0.5236', '70'], ['0.5240', '10'], ['0.5250', '8363'], ['0.5280', '161'], ['0.5281', '10'], ['0.5288', '500'], ['0.5300', '3600'], ['0.5310', '100'], ['0.5321', '30'], ['0.5330', '50'], ['0.5337', '9'], ['0.5340', '10'], ['0.5350', '15'], ['0.5357', '50'], ['0.5392', '10'], ['0.5400', '7497'], ['0.5402', '50'], ['0.5410', '99'], ['0.5425', '41199'], ['0.5451', '10'], ['0.5491', '10'], ['0.5500', '29965'], ['0.5511', '30'], ['0.5529', '36'], ['0.5535', '36'], ['0.5541', '10'], ['0.5550', '36'], ['0.5581',