[{'time': '2020-03-05T07:17:09.071Z', 'trade_id': 1104622, 'price': '0.21360000', 'size': '17.00000000', 'side': 'sell'}, {'time': '2020-03-05T07:16:53.158Z', 'trade_id': 1104621, 'price': '0.21360000', 'size': '109.00000000', 'side': 'sell'}, {'time': '2020-03-05T07:16:36.403Z', 'trade_id': 1104620, 'price': '0.21340000', 'size': '2700.00000000', 'side': 'buy'}, {'time': '2020-03-05T07:16:36.403Z', 'trade_id': 1104619, 'price': '0.21340000', 'size': '420.00000000', 'side': 'buy'}, {'time': '2020-03-05T07:16:24.38Z', 'trade_id': 1104618, 'price': '0.21350000', 'size': '4000.00000000', 'side': 'buy'}, {'time': '2020-03-05T07:16:24.313Z', 'trade_id': 1104617, 'price': '0.21350000', 'size': '8.00000000', 'side': 'buy'}, {'time': '2020-03-05T07:16:24.184Z', 'trade_id': 1104616, 'price': '0.21350000', 'size': '4000.00000000', 'side': 'buy'}, {'time': '2020-03-05T07:16:24.116Z', 'trade_id': 1104615, 'price': '0.21350000', 'size': '2.00000000', 'side': 'buy'}, {'time': '2020-03-05T07:16:24.041Z', 'trade_id': 1104614, 'price': '0.21350000', 'size': '4006.00000000', 'side': 'buy'}, {'time': '2020-03-05T07:16:24.041Z', 'trade_id': 1104613, 'price': '0.21350000', 'size': '300.00000000', 'side': 'buy'}, {'time': '2020-03-05T07:16:24.041Z', 'trade_id': 1104612, 'price': '0.21350000', 'size': '1004.00000000', 'side': 'buy'}, {'time': '2020-03-05T07:16:22.98Z', 'trade_id': 1104611, 'price': '0.21370000', 'size': '100.00000000', 'side': 'sell'}, {'time': '2020-03-05T07:15:57.296Z', 'trade_id': 1104610, 'price': '0.21350000', 'size': '97.00000000', 'side': 'buy'}, {'time': '2020-03-05T07:15:46.752Z', 'trade_id': 1104609, 'price': '0.21370000', 'size': '447.00000000', 'side': 'sell'}, {'time': '2020-03-05T07:15:39.885Z', 'trade_id': 1104608, 'price': '0.21370000', 'size': '51.00000000', 'side': 'sell'}, {'time': '2020-03-05T07:15:19.156Z', 'trade_id': 1104607, 'price': '0.21360000', 'size': '4000.00000000', 'side': 'buy'}, {'time': '2020-03-05T07:15:17.596Z', 'trade_id': 1104606, 'price': '0.21360000', 'size': '8.00000000', 'side': 'buy'}, {'time': '2020-03-05T07:15:17.469Z', 'trade_id': 1104605, 'price': '0.21360000', 'size': '4000.00000000', 'side': 'buy'}, {'time': '2020-03-05T07:14:58.357Z', 'trade_id': 1104604, 'price': '0.21380000', 'size': '671.00000000', 'side': 'sell'}, {'time': '2020-03-05T07:14:04.253Z', 'trade_id': 1104603, 'price': '0.21380000', 'size': '823.00000000', 'side': 'sell'}, {'time': '2020-03-05T07:13:12.615Z', 'trade_id': 1104602, 'price': '0.21390000', 'size': '32.00000000', 'side': 'sell'}, {'time': '2020-03-05T07:11:49.944Z', 'trade_id': 1104601, 'price': '0.21380000', 'size': '8871.00000000', 'side': 'sell'}, {'time': '2020-03-05T07:11:49.944Z', 'trade_id': 1104600, 'price': '0.21370000', 'size': '300.00000000', 'side': 'sell'}, {'time': '2020-03-05T07:11:33.596Z', 'trade_id': 1104599, 'price': '0.21370000', 'size': '8.00000000', 'side': 'buy'}, {'time': '2020-03-05T07:11:33.552Z', 'trade_id': 1104598, 'price': '0.21370000', 'size': '4000.00000000', 'side': 'buy'}, {'time': '2020-03-05T07:11:33.552Z', 'trade_id': 1104597, 'price': '0.21370000', 'size': '300.00000000', 'side': 'buy'}, {'time': '2020-03-05T07:11:30.143Z', 'trade_id': 1104596, 'price': '0.21400000', 'size': '83.00000000', 'side': 'sell'}, {'time': '2020-03-05T07:11:24.271Z', 'trade_id': 1104595, 'price': '0.21400000', 'size': '18.00000000', 'side': 'sell'}, {'time': '2020-03-05T07:11:24.271Z', 'trade_id': 1104594, 'price': '0.21390000', 'size': '1133.00000000', 'side': 'sell'}, {'time': '2020-03-05T07:11:24.271Z', 'trade_id': 1104593, 'price': '0.21390000', 'size': '300.00000000', 'side': 'sell'}, {'time': '2020-03-05T07:10:32.625Z', 'trade_id': 1104592, 'price': '0.21370000', 'size': '300.00000000', 'side': 'buy'}, {'time': '2020-03-05T07:10:15.27Z', 'trade_id': 1104591, 'price': '0.21400000', 'size': '41.00000000', 'side': 'sell'}, {'time': '2020-03-05T07:09:45.896Z', 'trade_id': 1104590, 'price': '0.21390000', 'size': '1342.00000000', 'side': 'sell'}, {'time': '2020-03-05T07:09:03.48Z', 'trade_id': 1104589, 'price': '0.21380000', 'size': '130.00000000', 'side': 'sell'}, {'time': '2020-03-05T07:05:32.762Z', 'trade_id': 1104588, 'price': '0.21360000', 'size': '5.00000000', 'side': 'buy'}, {'time': '2020-03-05T07:05:32.729Z', 'trade_id': 1104587, 'price': '0.21360000', 'size': '2160.00000000', 'side': 'buy'}, {'time': '2020-03-05T07:04:15.422Z', 'trade_id': 1104586, 'price': '0.21380000', 'size': '11936.00000000', 'side': 'sell'}, {'time': '2020-03-05T07:04:15.422Z', 'trade_id': 1104585, 'price': '0.21380000', 'size': '1574.00000000', 'side': 'sell'}, {'time': '2020-03-05T07:04:15.422Z', 'trade_id': 1104584, 'price': '0.21370000', 'size': '253.00000000', 'side': 'sell'}, {'time': '2020-03-05T07:03:59.935Z', 'trade_id': 1104583, 'price': '0.21370000', 'size': '37.00000000', 'side': 'sell'}, {'time': '2020-03-05T06:57:57.376Z', 'trade_id': 1104582, 'price': '0.21350000', 'size': '223.00000000', 'side': 'sell'}, {'time': '2020-03-05T06:57:22.498Z', 'trade_id': 1104581, 'price': '0.21350000', 'size': '223.00000000', 'side': 'sell'}, {'time': '2020-03-05T06:56:38.837Z', 'trade_id': 1104580, 'price': '0.21340000', 'size': '386.00000000', 'side': 'sell'}, {'time': '2020-03-05T06:55:31.655Z', 'trade_id': 1104579, 'price': '0.21330000', 'size': '415.00000000', 'side': 'sell'}, {'time': '2020-03-05T06:54:28.818Z', 'trade_id': 1104578, 'price': '0.21320000', 'size': '104.00000000', 'side': 'buy'}, {'time': '2020-03-05T06:54:26.388Z', 'trade_id': 1104577, 'price': '0.21320000', 'size': '48.00000000', 'side': 'buy'}, {'time': '2020-03-05T06:52:49.684Z', 'trade_id': 1104576, 'price': '0.21340000', 'size': '41.00000000', 'side': 'sell'}, {'time': '2020-03-05T06:52:48.129Z', 'trade_id': 1104575, 'price': '0.21340000', 'size': '1149.00000000', 'side': 'sell'}, {'time': '2020-03-05T06:51:16.927Z', 'trade_id': 1104574, 'price': '0.21350000', 'size': '1786.00000000', 'side': 'sell'}, {'time': '2020-03-05T06:51:16.927Z', 'trade_id': 1104573, 'price': '0.21340000', 'size': '1800.00000000', 'side': 'sell'}, {'time': '2020-03-05T06:50:23.54Z', 'trade_id': 1104572, 'price': '0.21340000', 'size': '81.00000000', 'side': 'sell'}, {'time': '2020-03-05T06:48:28.934Z', 'trade_id': 1104571, 'price': '0.21310000', 'size': '854.00000000', 'side': 'buy'}, {'time': '2020-03-05T06:48:04.685Z', 'trade_id': 1104570, 'price': '0.21340000', 'size': '127.00000000', 'side': 'sell'}, {'time': '2020-03-05T06:48:04.685Z', 'trade_id': 1104569, 'price': '0.21340000', 'size': '231.00000000', 'side': 'sell'}, {'time': '2020-03-05T06:46:54.519Z', 'trade_id': 1104568, 'price': '0.21300000', 'size': '15206.00000000', 'side': 'buy'}, {'time': '2020-03-05T06:46:54.519Z', 'trade_id': 1104567, 'price': '0.21300000', 'size': '300.00000000', 'side': 'buy'}, {'time': '2020-03-05T06:46:54.519Z', 'trade_id': 1104566, 'price': '0.21300000', 'size': '10150.00000000', 'side': 'buy'}, {'time': '2020-03-05T06:46:54.519Z', 'trade_id': 1104565, 'price': '0.21310000', 'size': '3174.00000000', 'side': 'buy'}, {'time': '2020-03-05T06:46:54.519Z', 'trade_id': 1104564, 'price': '0.21310000', 'size': '3174.00000000', 'side': 'buy'}, {'time': '2020-03-05T06:46:42.364Z', 'trade_id': 1104563, 'price': '0.21310000', 'size': '300.00000000', 'side': 'sell'}, {'time': '2020-03-05T06:46:42.364Z', 'trade_id': 1104562, 'price': '0.21310000', 'size': '135.00000000', 'side': 'sell'}, {'time': '2020-03-05T06:45:35.855Z', 'trade_id': 1104561, 'price': '0.21290000', 'size': '129.00000000', 'side': 'buy'}, {'time': '2020-03-05T06:44:27.732Z', 'trade_id': 1104560, 'price': '0.21310000', 'size': '154.00000000', 'side': 'sell'}, {'time': '2020-03-05T06:42:59.405Z', 'trade_id': 1104559, 'price': '0.21310000', 'size': '22.00000000', 'side': 'sell'}, {'time': '2020-03-05T06:40:13.255Z', 'trade_id': 1104558, 'price': '0.21350000', 'size': '86.00000000', 'side': 'sell'}, {'time': '2020-03-05T06:39:29.452Z', 'trade_id': 1104557, 'price': '0.21360000', 'size': '2700.00000000', 'side': 'buy'}, {'time': '2020-03-05T06:39:08.377Z', 'trade_id': 1104556, 'price': '0.21370000', 'size': '282.00000000', 'side': 'buy'}, {'time': '2020-03-05T06:39:08.377Z', 'trade_id': 1104555, 'price': '0.21370000', 'size': '12618.00000000', 'side': 'buy'}, {'time': '2020-03-05T06:38:17.561Z', 'trade_id': 1104554, 'price': '0.21400000', 'size': '451.00000000', 'side': 'sell'}, {'time': '2020-03-05T06:38:01.199Z', 'trade_id': 1104553, 'price': '0.21370000', 'size': '82.00000000', 'side': 'buy'}, {'time': '2020-03-05T06:36:16.74Z', 'trade_id': 1104552, 'price': '0.21390000', 'size': '41.00000000', 'side': 'sell'}, {'time': '2020-03-05T06:35:59.119Z', 'trade_id': 1104551, 'price': '0.21370000', 'size': '300.00000000', 'side': 'sell'}, {'time': '2020-03-05T06:28:36.015Z', 'trade_id': 1104550, 'price': '0.21370000', 'size': '204.00000000', 'side': 'sell'}, {'time': '2020-03-05T06:28:25.938Z', 'trade_id': 1104549, 'price': '0.21380000', 'size': '41.00000000', 'side': 'sell'}, {'time': '2020-03-05T06:27:12.08Z', 'trade_id': 1104548, 'price': '0.21370000', 'size': '39.00000000', 'side': 'sell'}, {'time': '2020-03-05T06:26:48.635Z', 'trade_id': 1104547, 'price': '0.21370000', 'size': '1145.00000000', 'side': 'sell'}, {'time': '2020-03-05T06:26:46.956Z', 'trade_id': 1104546, 'price': '0.21340000', 'size': '71.00000000', 'side': 'buy'}, {'time': '2020-03-05T06:26:46.956Z', 'trade_id': 1104545, 'price': '0.21350000', 'size': '291.00000000', 'side': 'buy'}, {'time': '2020-03-05T06:22:29.532Z', 'trade_id': 1104544, 'price': '0.21360000', 'size': '84.00000000', 'side': 'sell'}, {'time': '2020-03-05T06:22:20.531Z', 'trade_id': 1104543, 'price': '0.21340000', 'size': '1573.00000000', 'side': 'buy'}, {'time': '2020-03-05T06:19:37.862Z', 'trade_id': 1104542, 'price': '0.21390000', 'size': '223.00000000', 'side': 'sell'}, {'time': '2020-03-05T06:19:17.684Z', 'trade_id': 1104541, 'price': '0.21360000', 'size': '768.00000000', 'side': 'buy'}, {'time': '2020-03-05T06:19:17.684Z', 'trade_id': 1104540, 'price': '0.21370000', 'size': '6232.00000000', 'side': 'buy'}, {'time': '2020-03-05T06:18:53.199Z', 'trade_id': 1104539, 'price': '0.21380000', 'size': '176.00000000', 'side': 'sell'}, {'time': '2020-03-05T06:17:33.769Z', 'trade_id': 1104538, 'price': '0.21390000', 'size': '147.00000000', 'side': 'sell'}, {'time': '2020-03-05T06:17:33.769Z', 'trade_id': 1104537, 'price': '0.21390000', 'size': '300.00000000', 'side': 'sell'}, {'time': '2020-03-05T06:16:50.365Z', 'trade_id': 1104536, 'price': '0.21400000', 'size': '450.00000000', 'side': 'sell'}, {'time': '2020-03-05T06:15:00.772Z', 'trade_id': 1104535, 'price': '0.21400000', 'size': '223.00000000', 'side': 'buy'}, {'time': '2020-03-05T06:14:24.602Z', 'trade_id': 1104534, 'price': '0.21390000', 'size': '10053.00000000', 'side': 'buy'}, {'time': '2020-03-05T06:14:24.602Z', 'trade_id': 1104533, 'price': '0.21400000', 'size': '2700.00000000', 'side': 'buy'}, {'time': '2020-03-05T06:14:24.602Z', 'trade_id': 1104532, 'price': '0.21400000', 'size': '3174.00000000', 'side': 'buy'}, {'time': '2020-03-05T06:14:24.602Z', 'trade_id': 1104531, 'price': '0.21400000', 'size': '3174.00000000', 'side': 'buy'}, {'time': '2020-03-05T06:14:24.602Z', 'trade_id': 1104530, 'price': '0.21410000', 'size': '899.00000000', 'side': 'buy'}, {'time': '2020-03-05T06:13:27.956Z', 'trade_id': 1104529, 'price': '0.21420000', 'size': '3.00000000', 'side': 'buy'}, {'time': '2020-03-05T06:13:27.908Z', 'trade_id': 1104528, 'price': '0.21420000', 'size': '3470.00000000', 'side': 'buy'}, {'time': '2020-03-05T06:11:25.742Z', 'trade_id': 1104527, 'price': '0.21400000', 'size': '3.00000000', 'side': 'buy'}, {'time': '2020-03-05T06:11:25.742Z', 'trade_id': 1104526, 'price': '0.21400000', 'size': '232.00000000', 'side': 'buy'}, {'time': '2020-03-05T06:10:19.859Z', 'trade_id': 1104525, 'price': '0.21430000', 'size': '250.00000000', 'side': 'buy'}, {'time': '2020-03-05T06:09:54.614Z', 'trade_id': 1104524, 'price': '0.21430000', 'size': '50.00000000', 'side': 'buy'}, {'time': '2020-03-05T06:06:43.113Z', 'trade_id': 1104523, 'price': '0.21450000', 'size': '464.00000000', 'side': 'sell'}, {'time': '2020-03-05T06:05:53.532Z', 'trade_id': 1104522, 'price': '0.21450000', 'size': '32833.00000000', 'side': 'sell'}, {'time': '2020-03-05T06:03:33.028Z', 'trade_id': 1104521, 'price': '0.21440000', 'size': '899.00000000', 'side': 'sell'}, {'time': '2020-03-05T06:00:05.567Z', 'trade_id': 1104520, 'price': '0.21420000', 'size': '223.00000000', 'side': 'sell'}, {'time': '2020-03-05T05:58:56.317Z', 'trade_id': 1104519, 'price': '0.21420000', 'size': '223.00000000', 'side': 'sell'}, {'time': '2020-03-05T05:55:25.199Z', 'trade_id': 1104518, 'price': '0.21380000', 'size': '18798.00000000', 'side': 'buy'}, {'time': '2020-03-05T05:55:25.199Z', 'trade_id': 1104517, 'price': '0.21390000', 'size': '1203.00000000', 'side': 'buy'}, {'time': '2020-03-05T05:55:25.199Z', 'trade_id': 1104516, 'price': '0.21400000', 'size': '300.00000000', 'side': 'buy'}, {'time': '2020-03-05T05:55:17.878Z', 'trade_id': 1104515, 'price': '0.21420000', 'size': '1203.00000000', 'side': 'sell'}, {'time': '2020-03-05T05:55:17.878Z', 'trade_id': 1104514, 'price': '0.21420000', 'size': '297.00000000', 'side': 'sell'}, {'time': '2020-03-05T05:53:52.765Z', 'trade_id': 1104513, 'price': '0.21380000', 'size': '3889.00000000', 'side': 'buy'}, {'time': '2020-03-05T05:53:52.765Z', 'trade_id': 1104512, 'price': '0.21380000', 'size': '2512.00000000', 'side': 'buy'}, {'time': '2020-03-05T05:53:52.765Z', 'trade_id': 1104511, 'price': '0.21390000', 'size': '2512.00000000', 'side': 'buy'}, {'time': '2020-03-05T05:53:52.765Z', 'trade_id': 1104510, 'price': '0.21390000', 'size': '30787.00000000', 'side': 'buy'}, {'time': '2020-03-05T05:53:52.765Z', 'trade_id': 1104509, 'price': '0.21400000', 'size': '300.00000000', 'side': 'buy'}, {'time': '2020-03-05T05:53:30.2Z', 'trade_id': 1104508, 'price': '0.21400000', 'size': '2000.00000000', 'side': 'buy'}, {'time': '2020-03-05T05:53:17.301Z', 'trade_id': 1104507, 'price': '0.21440000', 'size': '270.00000000', 'side': 'sell'}, {'time': '2020-03-05T05:53:17.301Z', 'trade_id': 1104506, 'price': '0.21440000', 'size': '258.00000000', 'side': 'sell'}, {'time': '2020-03-05T05:53:17.301Z', 'trade_id': 1104505, 'price': '0.21440000', 'size': '158.00000000', 'side': 'sell'}, {'time': '2020-03-05T05:53:17.301Z', 'trade_id': 1104504, 'price': '0.21430000', 'size': '111.00000000', 'side': 'sell'}, {'time': '2020-03-05T05:53:04.686Z', 'trade_id': 1104503, 'price': '0.21400000', 'size': '34.00000000', 'side': 'buy'}, {'time': '2020-03-05T05:52:50.59Z', 'trade_id': 1104502, 'price': '0.21420000', 'size': '45.00000000', 'side': 'sell'}, {'time': '2020-03-05T05:52:50.59Z', 'trade_id': 1104501, 'price': '0.21420000', 'size': '5.00000000', 'side': 'sell'}, {'time': '2020-03-05T05:51:57.48Z', 'trade_id': 1104500, 'price': '0.21390000', 'size': '600.00000000', 'side': 'buy'}, {'time': '2020-03-05T05:47:08.585Z', 'trade_id': 1104499, 'price': '0.21370000', 'size': '12.00000000', 'side': 'buy'}, {'time': '2020-03-05T05:47:08.54Z', 'trade_id': 1104498, 'price': '0.21370000', 'size': '1788.00000000', 'side': 'buy'}, {'time': '2020-03-05T05:47:08.54Z', 'trade_id': 1104497, 'price': '0.21370000', 'size': '300.00000000', 'side': 'buy'}, {'time': '2020-03-05T05:47:08.54Z', 'trade_id': 1104496, 'price': '0.21370000', 'size': '27312.00000000', 'side': 'buy'}, {'time': '2020-03-05T05:45:59.361Z', 'trade_id': 1104495, 'price': '0.21390000', 'size': '332.00000000', 'side': 'sell'}, {'time': '2020-03-05T05:45:59.361Z', 'trade_id': 1104494, 'price': '0.21390000', 'size': '14705.00000000', 'side': 'sell'}, {'time': '2020-03-05T05:45:59.361Z', 'trade_id': 1104493, 'price': '0.21390000', 'size': '525.00000000', 'side': 'sell'}, {'time': '2020-03-05T05:45:59.361Z', 'trade_id': 1104492, 'price': '0.21390000', 'size': '236.00000000', 'side': 'sell'}, {'time': '2020-03-05T05:45:59.361Z', 'trade_id': 1104491, 'price': '0.21380000', 'size': '300.00000000', 'side': 'sell'}, {'time': '2020-03-05T05:45:59.361Z', 'trade_id': 1104490, 'price': '0.21380000', 'size': '1261.00000000', 'side': 'sell'}, {'time': '2020-03-05T05:45:59.361Z', 'trade_id': 1104489, 'price': '0.21380000', 'size': '430.00000000', 'side': 'sell'}, {'time': '2020-03-05T05:45:59.361Z', 'trade_id': 1104488, 'price': '0.21370000', 'size': '2512.00000000', 'side': 'sell'}, {'time': '2020-03-05T05:39:35.538Z', 'trade_id': 1104487, 'price': '0.21280000', 'size': '149.00000000', 'side': 'sell'}, {'time': '2020-03-05T05:39:35.538Z', 'trade_id': 1104486, 'price': '0.21270000', 'size': '300.00000000', 'side': 'sell'}, {'time': '2020-03-05T05:38:46.429Z', 'trade_id': 1104485, 'price': '0.21250000', 'size': '425.00000000', 'side': 'buy'}, {'time': '2020-03-05T05:38:46.429Z', 'trade_id': 1104484, 'price': '0.21250000', 'size': '300.00000000', 'side': 'buy'}, {'time': '2020-03-05T05:36:36.198Z', 'trade_id': 1104483, 'price': '0.21280000', 'size': '225.00000000', 'side': 'buy'}, {'time': '2020-03-05T05:36:19.301Z', 'trade_id': 1104482, 'price': '0.21290000', 'size': '66.00000000', 'side': 'sell'}, {'time': '2020-03-05T05:35:08.23Z', 'trade_id': 1104481, 'price': '0.21300000', 'size': '449.00000000', 'side': 'sell'}, {'time': '2020-03-05T05:34:43.149Z', 'trade_id': 1104480, 'price': '0.21280000', 'size': '75.00000000', 'side': 'buy'}, {'time': '2020-03-05T05:31:56.275Z', 'trade_id': 1104479, 'price': '0.21300000', 'size': '686.00000000', 'side': 'sell'}, {'time': '2020-03-05T05:31:15.514Z', 'trade_id': 1104478, 'price': '0.21310000', 'size': '1793.00000000', 'side': 'sell'}, {'time': '2020-03-05T05:31:15.514Z', 'trade_id': 1104477, 'price': '0.21310000', 'size': '2512.00000000', 'side': 'sell'}, {'time': '2020-03-05T05:31:15.514Z', 'trade_id': 1104476, 'price': '0.21310000', 'size': '295.00000000', 'side': 'sell'}, {'time': '2020-03-05T05:25:37.488Z', 'trade_id': 1104475, 'price': '0.21310000', 'size': '266.00000000', 'side': 'sell'}, {'time': '2020-03-05T05:24:59.679Z', 'trade_id': 1104474, 'price': '0.21300000', 'size': '300.00000000', 'side': 'buy'}, {'time': '2020-03-05T05:22:38.383Z', 'trade_id': 1104473, 'price': '0.21320000', 'size': '1795.00000000', 'side': 'sell'}, {'time': '2020-03-05T05:21:47.86Z', 'trade_id': 1104472, 'price': '0.21320000', 'size': '188.00000000', 'side': 'sell'}, {'time': '2020-03-05T05:21:47.86Z', 'trade_id': 1104471, 'price': '0.21310000', 'size': '36.00000000', 'side': 'sell'}, {'time': '2020-03-05T05:21:30.926Z', 'trade_id': 1104470, 'price': '0.21310000', 'size': '137.00000000', 'side': 'sell'}, {'time': '2020-03-05T05:21:30.926Z', 'trade_id': 1104469, 'price': '0.21300000', 'size': '222.00000000', 'side': 'sell'}, {'time': '2020-03-05T05:21:30.926Z', 'trade_id': 1104468, 'price': '0.21300000', 'size': '680.00000000', 'side': 'sell'}, {'time': '2020-03-05T05:21:22.323Z', 'trade_id': 1104467, 'price': '0.21280000', 'size': '77.00000000', 'side': 'buy'}, {'time': '2020-03-05T05:21:22.323Z', 'trade_id': 1104466, 'price': '0.21280000', 'size': '258.00000000', 'side': 'buy'}, {'time': '2020-03-05T05:17:54.881Z', 'trade_id': 1104465, 'price': '0.21280000', 'size': '42.00000000', 'side': 'buy'}, {'time': '2020-03-05T05:17:32.594Z', 'trade_id': 1104464, 'price': '0.21260000', 'size': '1000.00000000', 'side': 'sell'}, {'time': '2020-03-05T05:17:32.591Z', 'trade_id': 1104463, 'price': '0.21260000', 'size': '800.00000000', 'side': 'sell'}, {'time': '2020-03-05T05:17:31.061Z', 'trade_id': 1104462, 'price': '0.21260000', 'size': '42.00000000', 'side': 'sell'}, {'time': '2020-03-05T05:16:34.687Z', 'trade_id': 1104461, 'price': '0.21260000', 'size': '177.00000000', 'side': 'sell'}, {'time': '2020-03-05T05:14:54.17Z', 'trade_id': 1104460, 'price': '0.21250000', 'size': '75.00000000', 'side': 'sell'}, {'time': '2020-03-05T05:14:24.926Z', 'trade_id': 1104459, 'price': '0.21230000', 'size': '14.00000000', 'side': 'buy'}, {'time': '2020-03-05T05:13:28.014Z', 'trade_id': 1104458, 'price': '0.21250000', 'size': '128.00000000', 'side': 'sell'}, {'time': '2020-03-05T05:13:06.211Z', 'trade_id': 1104457, 'price': '0.21230000', 'size': '227.00000000', 'side': 'buy'}, {'time': '2020-03-05T05:08:53.348Z', 'trade_id': 1104456, 'price': '0.21250000', 'size': '1661.00000000', 'side': 'sell'}, {'time': '2020-03-05T05:08:20.482Z', 'trade_id': 1104455, 'price': '0.21240000', 'size': '13.00000000', 'side': 'sell'}, {'time': '2020-03-05T04:58:45.473Z', 'trade_id': 1104454, 'price': '0.21180000', 'size': '126.00000000', 'side': 'buy'}, {'time': '2020-03-05T04:56:23.196Z', 'trade_id': 1104453, 'price': '0.21220000', 'size': '108.00000000', 'side': 'sell'}, {'time': '2020-03-05T04:56:23.196Z', 'trade_id': 1104452, 'price': '0.21220000', 'size': '288.00000000', 'side': 'sell'}, {'time': '2020-03-05T04:56:23.196Z', 'trade_id': 1104451, 'price': '0.21210000', 'size': '50.00000000', 'side': 'sell'}, {'time': '2020-03-05T04:52:42.992Z', 'trade_id': 1104450, 'price': '0.21230000', 'size': '548.00000000', 'side': 'sell'}, {'time': '2020-03-05T04:49:23.839Z', 'trade_id': 1104449, 'price': '0.21230000', 'size': '225.00000000', 'side': 'sell'}, {'time': '2020-03-05T04:47:29.843Z', 'trade_id': 1104448, 'price': '0.21190000', 'size': '1064.00000000', 'side': 'buy'}, {'time': '2020-03-05T04:42:38.095Z', 'trade_id': 1104447, 'price': '0.21220000', 'size': '300.00000000', 'side': 'buy'}, {'time': '2020-03-05T04:35:04.217Z', 'trade_id': 1104446, 'price': '0.21230000', 'size': '42.00000000', 'side': 'sell'}, {'time': '2020-03-05T04:24:51.423Z', 'trade_id': 1104445, 'price': '0.21230000', 'size': '876.00000000', 'side': 'sell'}, {'time': '2020-03-05T04:24:51.423Z', 'trade_id': 1104444, 'price': '0.21210000', 'size': '224.00000000', 'side': 'sell'}, {'time': '2020-03-05T04:21:48.303Z', 'trade_id': 1104443, 'price': '0.21180000', 'size': '1468.00000000', 'side': 'sell'}, {'time': '2020-03-05T04:06:49.626Z', 'trade_id': 1104442, 'price': '0.21160000', 'size': '20475.00000000', 'side': 'buy'}, {'time': '2020-03-05T03:59:08.126Z', 'trade_id': 1104441, 'price': '0.21140000', 'size': '300.00000000', 'side': 'sell'}, {'time': '2020-03-05T03:57:07.363Z', 'trade_id': 1104440, 'price': '0.21120000', 'size': '110.00000000', 'side': 'buy'}, {'time': '2020-03-05T03:56:40.445Z', 'trade_id': 1104439, 'price': '0.21160000', 'size': '63.00000000', 'side': 'sell'}, {'time': '2020-03-05T03:54:30.003Z', 'trade_id': 1104438, 'price': '0.21140000', 'size': '78.00000000', 'side': 'buy'}, {'time': '2020-03-05T03:54:19.944Z', 'trade_id': 1104437, 'price': '0.21130000', 'size': '48.00000000', 'side': 'buy'}, {'time': '2020-03-05T03:49:00.248Z', 'trade_id': 1104436, 'price': '0.21190000', 'size': '58.00000000', 'side': 'sell'}, {'time': '2020-03-05T03:48:13.922Z', 'trade_id': 1104435, 'price': '0.21140000', 'size': '1954.00000000', 'side': 'buy'}, {'time': '2020-03-05T03:48:13.922Z', 'trade_id': 1104434, 'price': '0.21150000', 'size': '300.00000000', 'side': 'buy'}, {'time': '2020-03-05T03:48:13.922Z', 'trade_id': 1104433, 'price': '0.21160000', 'size': '2240.00000000', 'side': 'buy'}, {'time': '2020-03-05T03:43:22.039Z', 'trade_id': 1104432, 'price': '0.21220000', 'size': '1.00000000', 'side': 'sell'}, {'time': '2020-03-05T03:42:12.585Z', 'trade_id': 1104431, 'price': '0.21220000', 'size': '1800.00000000', 'side': 'sell'}, {'time': '2020-03-05T03:39:41.925Z', 'trade_id': 1104430, 'price': '0.21260000', 'size': '93.00000000', 'side': 'sell'}, {'time': '2020-03-05T03:36:05.324Z', 'trade_id': 1104429, 'price': '0.21230000', 'size': '440.00000000', 'side': 'sell'}, {'time': '2020-03-05T03:32:37.977Z', 'trade_id': 1104428, 'price': '0.21230000', 'size': '125.00000000', 'side': 'buy'}, {'time': '2020-03-05T03:32:07.743Z', 'trade_id': 1104427, 'price': '0.21240000', 'size': '125.00000000', 'side': 'sell'}, {'time': '2020-03-05T03:31:27.728Z', 'trade_id': 1104426, 'price': '0.21210000', 'size': '258.00000000', 'side': 'sell'}, {'time': '2020-03-05T03:23:07.5Z', 'trade_id': 1104425, 'price': '0.21210000', 'size': '42.00000000', 'side': 'sell'}, {'time': '2020-03-05T03:21:49.798Z', 'trade_id': 1104424, 'price': '0.21240000', 'size': '41.00000000', 'side': 'sell'}, {'time': '2020-03-05T03:16:25.493Z', 'trade_id': 1104423, 'price': '0.21210000', 'size': '9094.00000000', 'side': 'buy'}, {'time': '2020-03-05T03:16:25.493Z', 'trade_id': 1104422, 'price': '0.21220000', 'size': '297.00000000', 'side': 'buy'}, {'time': '2020-03-05T03:16:25.493Z', 'trade_id': 1104421, 'price': '0.21220000', 'size': '2700.00000000', 'side': 'buy'}, {'time': '2020-03-05T03:16:25.493Z', 'trade_id': 1104420, 'price': '0.21220000', 'size': '300.00000000', 'side': 'buy'}, {'time': '2020-03-05T03:16:09.215Z', 'trade_id': 1104419, 'price': '0.21250000', 'size': '86.00000000', 'side': 'sell'}, {'time': '2020-03-05T03:12:46.453Z', 'trade_id': 1104418, 'price': '0.21270000', 'size': '200.00000000', 'side': 'sell'}, {'time': '2020-03-05T03:11:34.701Z', 'trade_id': 1104417, 'price': '0.21250000', 'size': '224.00000000', 'side': 'buy'}, {'time': '2020-03-05T03:10:49.1Z', 'trade_id': 1104416, 'price': '0.21260000', 'size': '224.00000000', 'side': 'sell'}, {'time': '2020-03-05T03:09:09.826Z', 'trade_id': 1104415, 'price': '0.21250000', 'size': '150.00000000', 'side': 'sell'}, {'time': '2020-03-05T03:09:09.826Z', 'trade_id': 1104414, 'price': '0.21240000', 'size': '300.00000000', 'side': 'sell'}, {'time': '2020-03-05T03:07:34.865Z', 'trade_id': 1104413, 'price': '0.21250000', 'size': '8.00000000', 'side': 'sell'}, {'time': '2020-03-05T03:07:24.491Z', 'trade_id': 1104412, 'price': '0.21220000', 'size': '53.00000000', 'side': 'buy'}, {'time': '2020-03-05T03:07:24.491Z', 'trade_id': 1104411, 'price': '0.21230000', 'size': '959.00000000', 'side': 'buy'}, {'time': '2020-03-05T03:07:24.491Z', 'trade_id': 1104410, 'price': '0.21230000', 'size': '300.00000000', 'side': 'buy'}, {'time': '2020-03-05T02:58:50.379Z', 'trade_id': 1104409, 'price': '0.21260000', 'size': '384.00000000', 'side': 'buy'}, {'time': '2020-03-05T02:58:50.379Z', 'trade_id': 1104408, 'price': '0.21270000', 'size': '300.00000000', 'side': 'buy'}, {'time': '2020-03-05T02:58:39.136Z', 'trade_id': 1104407, 'price': '0.21290000', 'size': '511.00000000', 'side': 'sell'}, {'time': '2020-03-05T02:58:13.022Z', 'trade_id': 1104406, 'price': '0.21290000', 'size': '385.00000000', 'side': 'sell'}, {'time': '2020-03-05T02:58:13.022Z', 'trade_id': 1104405, 'price': '0.21290000', 'size': '215.00000000', 'side': 'sell'}, {'time': '2020-03-05T02:55:08.344Z', 'trade_id': 1104404, 'price': '0.21270000', 'size': '4609.00000000', 'side': 'sell'}, {'time': '2020-03-05T02:54:37.983Z', 'trade_id': 1104403, 'price': '0.21280000', 'size': '1382.00000000', 'side': 'sell'}, {'time': '2020-03-05T02:52:37.021Z', 'trade_id': 1104402, 'price': '0.21280000', 'size': '42.00000000', 'side': 'sell'}, {'time': '2020-03-05T02:33:36.902Z', 'trade_id': 1104401, 'price': '0.21260000', 'size': '224.00000000', 'side': 'sell'}, {'time': '2020-03-05T02:14:10.829Z', 'trade_id': 1104400, 'price': '0.21190000', 'size': '157.00000000', 'side': 'buy'}, {'time': '2020-03-05T02:12:40.228Z', 'trade_id': 1104399, 'price': '0.21200000', 'size': '596.00000000', 'side': 'sell'}, {'time': '2020-03-05T02:10:00.659Z', 'trade_id': 1104398, 'price': '0.21210000', 'size': '53.00000000', 'side': 'buy'}, {'time': '2020-03-05T02:05:59.455Z', 'trade_id': 1104397, 'price': '0.21190000', 'size': '96.00000000', 'side': 'buy'}, {'time': '2020-03-05T02:05:33.006Z', 'trade_id': 1104396, 'price': '0.21210000', 'size': '57.00000000', 'side': 'sell'}, {'time': '2020-03-05T02:03:15.574Z', 'trade_id': 1104395, 'price': '0.21240000', 'size': '400.00000000', 'side': 'sell'}, {'time': '2020-03-05T02:02:22.821Z', 'trade_id': 1104394, 'price': '0.21250000', 'size': '86.00000000', 'side': 'buy'}, {'time': '2020-03-05T02:02:08.588Z', 'trade_id': 1104393, 'price': '0.21260000', 'size': '86.00000000', 'side': 'sell'}, {'time': '2020-03-05T02:01:01.223Z', 'trade_id': 1104392, 'price': '0.21260000', 'size': '84.00000000', 'side': 'sell'}, {'time': '2020-03-05T02:01:01.223Z', 'trade_id': 1104391, 'price': '0.21260000', 'size': '12.00000000', 'side': 'sell'}, {'time': '2020-03-05T02:00:42.485Z', 'trade_id': 1104390, 'price': '0.21250000', 'size': '224.00000000', 'side': 'buy'}, {'time': '2020-03-05T02:00:15.845Z', 'trade_id': 1104389, 'price': '0.21270000', 'size': '98.00000000', 'side': 'sell'}, {'time': '2020-03-05T02:00:15.845Z', 'trade_id': 1104388, 'price': '0.21270000', 'size': '126.00000000', 'side': 'sell'}, {'time': '2020-03-05T01:59:39.198Z', 'trade_id': 1104387, 'price': '0.21260000', 'size': '177.00000000', 'side': 'sell'}, {'time': '2020-03-05T01:54:48.902Z', 'trade_id': 1104386, 'price': '0.21250000', 'size': '53.00000000', 'side': 'sell'}, {'time': '2020-03-05T01:46:31.809Z', 'trade_id': 1104385, 'price': '0.21190000', 'size': '77.00000000', 'side': 'buy'}, {'time': '2020-03-05T01:44:30.1Z', 'trade_id': 1104384, 'price': '0.21220000', 'size': '224.00000000', 'side': 'sell'}, {'time': '2020-03-05T01:41:35.246Z', 'trade_id': 1104383, 'price': '0.21220000', 'size': '97.00000000', 'side': 'sell'}, {'time': '2020-03-05T01:37:56.966Z', 'trade_id': 1104382, 'price': '0.21240000', 'size': '224.00000000', 'side': 'sell'}, {'time': '2020-03-05T01:37:44.229Z', 'trade_id': 1104381, 'price': '0.21220000', 'size': '29473.00000000', 'side': 'sell'}, {'time': '2020-03-05T01:37:44.229Z', 'trade_id': 1104380, 'price': '0.21220000', 'size': '2632.00000000', 'side': 'sell'}, {'time': '2020-03-05T01:37:41.842Z', 'trade_id': 1104379, 'price': '0.21230000', 'size': '12.00000000', 'side': 'sell'}, {'time': '2020-03-05T01:37:41.842Z', 'trade_id': 1104378, 'price': '0.21220000', 'size': '119.00000000', 'side': 'sell'}, {'time': '2020-03-05T01:37:20.2Z', 'trade_id': 1104377, 'price': '0.21190000', 'size': '233.00000000', 'side': 'buy'}, {'time': '2020-03-05T01:36:05.741Z', 'trade_id': 1104376, 'price': '0.21230000', 'size': '226.00000000', 'side': 'buy'}, {'time': '2020-03-05T01:35:13.616Z', 'trade_id': 1104375, 'price': '0.21240000', 'size': '210.00000000', 'side': 'sell'}, {'time': '2020-03-05T01:34:43.519Z', 'trade_id': 1104374, 'price': '0.21250000', 'size': '780.00000000', 'side': 'sell'}, {'time': '2020-03-05T01:34:43.519Z', 'trade_id': 1104373, 'price': '0.21250000', 'size': '233.00000000', 'side': 'sell'}, {'time': '2020-03-05T01:32:23.675Z', 'trade_id': 1104372, 'price': '0.21240000', 'size': '224.00000000', 'side': 'sell'}, {'time': '2020-03-05T01:31:47.763Z', 'trade_id': 1104371, 'price': '0.21230000', 'size': '2001.00000000', 'side': 'sell'}, {'time': '2020-03-05T01:31:38.788Z', 'trade_id': 1104370, 'price': '0.21250000', 'size': '758.00000000', 'side': 'buy'}, {'time': '2020-03-05T01:31:38.769Z', 'trade_id': 1104369, 'price': '0.21250000', 'size': '1042.00000000', 'side': 'buy'}, {'time': '2020-03-05T01:31:28.616Z', 'trade_id': 1104368, 'price': '0.21270000', 'size': '32.00000000', 'side': 'sell'}, {'time': '2020-03-05T01:28:40.708Z', 'trade_id': 1104367, 'price': '0.21260000', 'size': '2363.00000000', 'side': 'sell'}, {'time': '2020-03-05T01:26:08.267Z', 'trade_id': 1104366, 'price': '0.21200000', 'size': '158.00000000', 'side': 'buy'}, {'time': '2020-03-05T01:26:08.267Z', 'trade_id': 1104365, 'price': '0.21230000', 'size': '300.00000000', 'side': 'buy'}, {'time': '2020-03-05T01:23:38.409Z', 'trade_id': 1104364, 'price': '0.21250000', 'size': '126.00000000', 'side': 'sell'}, {'time': '2020-03-05T01:22:01.1Z', 'trade_id': 1104363, 'price': '0.21210000', 'size': '543.00000000', 'side': 'buy'}, {'time': '2020-03-05T01:17:56.52Z', 'trade_id': 1104362, 'price': '0.21230000', 'size': '250.00000000', 'side': 'buy'}, {'time': '2020-03-05T01:16:35.923Z', 'trade_id': 1104361, 'price': '0.21300000', 'size': '223.00000000', 'side': 'sell'}, {'time': '2020-03-05T01:13:12.887Z', 'trade_id': 1104360, 'price': '0.21300000', 'size': '1097.00000000', 'side': 'sell'}, {'time': '2020-03-05T01:13:12.887Z', 'trade_id': 1104359, 'price': '0.21300000', 'size': '190.00000000', 'side': 'sell'}, {'time': '2020-03-05T01:07:53.929Z', 'trade_id': 1104358, 'price': '0.21290000', 'size': '153.00000000', 'side': 'sell'}, {'time': '2020-03-05T01:04:37.063Z', 'trade_id': 1104357, 'price': '0.21280000', 'size': '9.00000000', 'side': 'sell'}, {'time': '2020-03-05T01:03:26.946Z', 'trade_id': 1104356, 'price': '0.21280000', 'size': '224.00000000', 'side': 'sell'}, {'time': '2020-03-05T01:02:43.71Z', 'trade_id': 1104355, 'price': '0.21290000', 'size': '63.00000000', 'side': 'sell'}, {'time': '2020-03-05T01:02:23.945Z', 'trade_id': 1104354, 'price': '0.21290000', 'size': '49.00000000', 'side': 'sell'}, {'time': '2020-03-05T01:00:45.499Z', 'trade_id': 1104353, 'price': '0.21280000', 'size': '53.00000000', 'side': 'sell'}, {'time': '2020-03-05T00:59:26.738Z', 'trade_id': 1104352, 'price': '0.21260000', 'size': '79.00000000', 'side': 'sell'}, {'time': '2020-03-05T00:57:50.265Z', 'trade_id': 1104351, 'price': '0.21230000', 'size': '700.00000000', 'side': 'sell'}, {'time': '2020-03-05T00:57:34.314Z', 'trade_id': 1104350, 'price': '0.21230000', 'size': '200.00000000', 'side': 'sell'}, {'time': '2020-03-05T00:57:13.267Z', 'trade_id': 1104349, 'price': '0.21250000', 'size': '450.00000000', 'side': 'sell'}, {'time': '2020-03-05T00:55:11.484Z', 'trade_id': 1104348, 'price': '0.21260000', 'size': '626.00000000', 'side': 'buy'}, {'time': '2020-03-05T00:55:11.484Z', 'trade_id': 1104347, 'price': '0.21270000', 'size': '300.00000000', 'side': 'buy'}, {'time': '2020-03-05T00:54:40.588Z', 'trade_id': 1104346, 'price': '0.21290000', 'size': '291.00000000', 'side': 'sell'}, {'time': '2020-03-05T00:54:40.588Z', 'trade_id': 1104345, 'price': '0.21290000', 'size': '183.00000000', 'side': 'sell'}, {'time': '2020-03-05T00:54:38.729Z', 'trade_id': 1104344, 'price': '0.21260000', 'size': '449.00000000', 'side': 'buy'}, {'time': '2020-03-05T00:54:22.895Z', 'trade_id': 1104343, 'price': '0.21280000', 'size': '449.00000000', 'side': 'sell'}, {'time': '2020-03-05T00:53:49.302Z', 'trade_id': 1104342, 'price': '0.21250000', 'size': '3.00000000', 'side': 'sell'}, {'time': '2020-03-05T00:52:39.308Z', 'trade_id': 1104341, 'price': '0.21260000', 'size': '300.00000000', 'side': 'sell'}, {'time': '2020-03-05T00:52:19.006Z', 'trade_id': 1104340, 'price': '0.21240000', 'size': '93.00000000', 'side': 'buy'}, {'time': '2020-03-05T00:51:54.488Z', 'trade_id': 1104339, 'price': '0.21240000', 'size': '48.00000000', 'side': 'buy'}, {'time': '2020-03-05T00:49:21.777Z', 'trade_id': 1104338, 'price': '0.21250000', 'size': '18225.00000000', 'side': 'buy'}, {'time': '2020-03-05T00:49:21.777Z', 'trade_id': 1104337, 'price': '0.21260000', 'size': '300.00000000', 'side': 'buy'}, {'time': '2020-03-05T00:49:21.777Z', 'trade_id': 1104336, 'price': '0.21270000', 'size': '1800.00000000', 'side': 'buy'}, {'time': '2020-03-05T00:48:06.933Z', 'trade_id': 1104335, 'price': '0.21270000', 'size': '21.00000000', 'side': 'sell'}, {'time': '2020-03-05T00:46:23.306Z', 'trade_id': 1104334, 'price': '0.21230000', 'size': '94.00000000', 'side': 'sell'}, {'time': '2020-03-05T00:45:45.758Z', 'trade_id': 1104333, 'price': '0.21250000', 'size': '556.00000000', 'side': 'sell'}, {'time': '2020-03-05T00:39:00.215Z', 'trade_id': 1104332, 'price': '0.21260000', 'size': '2400.00000000', 'side': 'buy'}, {'time': '2020-03-05T00:38:43.396Z', 'trade_id': 1104331, 'price': '0.21260000', 'size': '10.00000000', 'side': 'sell'}, {'time': '2020-03-05T00:38:39.473Z', 'trade_id': 1104330, 'price': '0.21250000', 'size': '1000.00000000', 'side': 'sell'}, {'time': '2020-03-05T00:38:39.467Z', 'trade_id': 1104329, 'price': '0.21250000', 'size': '1000.00000000', 'side': 'sell'}, {'time': '2020-03-05T00:38:39.443Z', 'trade_id': 1104328, 'price': '0.21250000', 'size': '1000.00000000', 'side': 'sell'}, {'time': '2020-03-05T00:38:39.44Z', 'trade_id': 1104327, 'price': '0.21250000', 'size': '1032.00000000', 'side': 'sell'}, {'time': '2020-03-05T00:38:39.335Z', 'trade_id': 1104326, 'price': '0.21250000', 'size': '1000.00000000', 'side': 'sell'}, {'time': '2020-03-05T00:38:39.33Z', 'trade_id': 1104325, 'price': '0.21250000', 'size': '1000.00000000', 'side': 'sell'}, {'time': '2020-03-05T00:38:01.522Z', 'trade_id': 1104324, 'price': '0.21220000', 'size': '100.00000000', 'side': 'buy'}, {'time': '2020-03-05T00:36:11.191Z', 'trade_id': 1104323, 'price': '0.21210000', 'size': '1000.00000000', 'side': 'sell'}, {'time': '2020-03-05T00:36:11.189Z', 'trade_id': 1104322, 'price': '0.21210000', 'size': '1000.00000000', 'side': 'sell'}, {'time': '2020-03-05T00:36:11.158Z', 'trade_id': 1104321, 'price': '0.21210000', 'size': '1215.00000000', 'side': 'sell'}, {'time': '2020-03-05T00:32:39.793Z', 'trade_id': 1104320, 'price': '0.21220000', 'size': '133.00000000', 'side': 'sell'}, {'time': '2020-03-05T00:30:35.802Z', 'trade_id': 1104319, 'price': '0.21210000', 'size': '1431.00000000', 'side': 'buy'}, {'time': '2020-03-05T00:29:40.619Z', 'trade_id': 1104318, 'price': '0.21230000', 'size': '9.00000000', 'side': 'sell'}, {'time': '2020-03-05T00:28:02.509Z', 'trade_id': 1104317, 'price': '0.21200000', 'size': '4.00000000', 'side': 'buy'}, {'time': '2020-03-05T00:27:29.128Z', 'trade_id': 1104316, 'price': '0.21210000', 'size': '200.00000000', 'side': 'buy'}, {'time': '2020-03-05T00:26:57.109Z', 'trade_id': 1104315, 'price': '0.21210000', 'size': '4.00000000', 'side': 'sell'}, {'time': '2020-03-05T00:26:47.572Z', 'trade_id': 1104314, 'price': '0.21210000', 'size': '42.00000000', 'side': 'sell'}, {'time': '2020-03-05T00:23:28.407Z', 'trade_id': 1104313, 'price': '0.21190000', 'size': '494.00000000', 'side': 'buy'}, {'time': '2020-03-05T00:23:14.788Z', 'trade_id': 1104312, 'price': '0.21210000', 'size': '47.00000000', 'side': 'sell'}, {'time': '2020-03-05T00:21:35.715Z', 'trade_id': 1104311, 'price': '0.21240000', 'size': '55.00000000', 'side': 'sell'}, {'time': '2020-03-05T00:20:05.627Z', 'trade_id': 1104310, 'price': '0.21240000', 'size': '535.00000000', 'side': 'sell'}, {'time': '2020-03-05T00:20:05.627Z', 'trade_id': 1104309, 'price': '0.21240000', 'size': '108.00000000', 'side': 'sell'}, {'time': '2020-03-05T00:20:05.627Z', 'trade_id': 1104308, 'price': '0.21240000', 'size': '167.00000000', 'side': 'sell'}, {'time': '2020-03-05T00:20:00.976Z', 'trade_id': 1104307, 'price': '0.21200000', 'size': '110.00000000', 'side': 'buy'}, {'time': '2020-03-05T00:18:40.633Z', 'trade_id': 1104306, 'price': '0.21210000', 'size': '42.00000000', 'side': 'sell'}, {'time': '2020-03-05T00:15:38.248Z', 'trade_id': 1104305, 'price': '0.21220000', 'size': '65.00000000', 'side': 'sell'}, {'time': '2020-03-05T00:15:03.163Z', 'trade_id': 1104304, 'price': '0.21210000', 'size': '443.00000000', 'side': 'sell'}, {'time': '2020-03-05T00:13:48.448Z', 'trade_id': 1104303, 'price': '0.21200000', 'size': '100.00000000', 'side': 'buy'}, {'time': '2020-03-05T00:12:58.174Z', 'trade_id': 1104302, 'price': '0.21210000', 'size': '2.00000000', 'side': 'sell'}, {'time': '2020-03-05T00:12:09.91Z', 'trade_id': 1104301, 'price': '0.21210000', 'size': '1.00000000', 'side': 'sell'}, {'time': '2020-03-05T00:10:15.724Z', 'trade_id': 1104300, 'price': '0.21210000', 'size': '494.00000000', 'side': 'sell'}, {'time': '2020-03-05T00:08:31.075Z', 'trade_id': 1104299, 'price': '0.21210000', 'size': '60.00000000', 'side': 'sell'}, {'time': '2020-03-05T00:08:31.075Z', 'trade_id': 1104298, 'price': '0.21200000', 'size': '2.00000000', 'side': 'sell'}, {'time': '2020-03-05T00:07:48.074Z', 'trade_id': 1104297, 'price': '0.21200000', 'size': '1000.00000000', 'side': 'sell'}, {'time': '2020-03-05T00:06:26.882Z', 'trade_id': 1104296, 'price': '0.21190000', 'size': '66.00000000', 'side': 'buy'}, {'time': '2020-03-05T00:05:53.931Z', 'trade_id': 1104295, 'price': '0.21190000', 'size': '131.00000000', 'side': 'sell'}, {'time': '2020-03-05T00:05:32.096Z', 'trade_id': 1104294, 'price': '0.21180000', 'size': '5.00000000', 'side': 'sell'}, {'time': '2020-03-05T00:04:24.842Z', 'trade_id': 1104293, 'price': '0.21180000', 'size': '50.00000000', 'side': 'buy'}, {'time': '2020-03-05T00:04:15.703Z', 'trade_id': 1104292, 'price': '0.21180000', 'size': '72.00000000', 'side': 'sell'}, {'time': '2020-03-05T00:03:16.234Z', 'trade_id': 1104291, 'price': '0.21180000', 'size': '488.00000000', 'side': 'sell'}, {'time': '2020-03-05T00:02:59.611Z', 'trade_id': 1104290, 'price': '0.21180000', 'size': '430.00000000', 'side': 'sell'}, {'time': '2020-03-05T00:01:53.786Z', 'trade_id': 1104289, 'price': '0.21170000', 'size': '110.00000000', 'side': 'sell'}, {'time': '2020-03-05T00:01:14.588Z', 'trade_id': 1104288, 'price': '0.21150000', 'size': '46.00000000', 'side': 'sell'}, {'time': '2020-03-05T00:00:57.932Z', 'trade_id': 1104287, 'price': '0.21150000', 'size': '18.00000000', 'side': 'sell'}, {'time': '2020-03-05T00:00:56.429Z', 'trade_id': 1104286, 'price': '0.21150000', 'size': '131.00000000', 'side': 'sell'}, {'time': '2020-03-04T23:58:20.874Z', 'trade_id': 1104285, 'price': '0.21130000', 'size': '684.00000000', 'side': 'sell'}, {'time': '2020-03-04T23:55:24.696Z', 'trade_id': 1104284, 'price': '0.21140000', 'size': '42.00000000', 'side': 'sell'}, {'time': '2020-03-04T23:55:18.116Z', 'trade_id': 1104283, 'price': '0.21110000', 'size': '4100.00000000', 'side': 'buy'}, {'time': '2020-03-04T23:55:18.116Z', 'trade_id': 1104282, 'price': '0.21120000', 'size': '300.00000000', 'side': 'buy'}, {'time': '2020-03-04T23:52:03.851Z', 'trade_id': 1104281, 'price': '0.21130000', 'size': '13435.00000000', 'side': 'sell'}, {'time': '2020-03-04T23:52:03.851Z', 'trade_id': 1104280, 'price': '0.21130000', 'size': '1455.00000000', 'side': 'sell'}, {'time': '2020-03-04T23:52:03.851Z', 'trade_id': 1104279, 'price': '0.21120000', 'size': '3419.00000000', 'side': 'sell'}, {'time': '2020-03-04T23:52:03.851Z', 'trade_id': 1104278, 'price': '0.21120000', 'size': '3419.00000000', 'side': 'sell'}, {'time': '2020-03-04T23:52:03.851Z', 'trade_id': 1104277, 'price': '0.21120000', 'size': '264.00000000', 'side': 'sell'}, {'time': '2020-03-04T23:52:03.851Z', 'trade_id': 1104276, 'price': '0.21110000', 'size': '681.00000000', 'side': 'sell'}, {'time': '2020-03-04T23:51:15.345Z', 'trade_id': 1104275, 'price': '0.21090000', 'size': '42.00000000', 'side': 'sell'}, {'time': '2020-03-04T23:48:05.715Z', 'trade_id': 1104274, 'price': '0.21090000', 'size': '170.00000000', 'side': 'sell'}, {'time': '2020-03-04T23:48:05.715Z', 'trade_id': 1104273, 'price': '0.21080000', 'size': '831.00000000', 'side': 'sell'}, {'time': '2020-03-04T23:46:49.895Z', 'trade_id': 1104272, 'price': '0.21050000', 'size': '681.00000000', 'side': 'buy'}, {'time': '2020-03-04T23:46:02.633Z', 'trade_id': 1104271, 'price': '0.21080000', 'size': '681.00000000', 'side': 'sell'}, {'time': '2020-03-04T23:45:01.32Z', 'trade_id': 1104270, 'price': '0.21040000', 'size': '110.00000000', 'side': 'buy'}, {'time': '2020-03-04T23:45:00.984Z', 'trade_id': 1104269, 'price': '0.21040000', 'size': '4526.00000000', 'side': 'buy'}, {'time': '2020-03-04T23:43:14.269Z', 'trade_id': 1104268, 'price': '0.21040000', 'size': '6276.00000000', 'side': 'buy'}, {'time': '2020-03-04T23:43:14.269Z', 'trade_id': 1104267, 'price': '0.21050000', 'size': '87.00000000', 'side': 'buy'}, {'time': '2020-03-04T23:43:09.653Z', 'trade_id': 1104266, 'price': '0.21080000', 'size': '87.00000000', 'side': 'sell'}, {'time': '2020-03-04T23:41:06.499Z', 'trade_id': 1104265, 'price': '0.21070000', 'size': '288.00000000', 'side': 'sell'}, {'time': '2020-03-04T23:41:06.499Z', 'trade_id': 1104264, 'price': '0.21070000', 'size': '213.00000000', 'side': 'sell'}, {'time': '2020-03-04T23:38:48.471Z', 'trade_id': 1104263, 'price': '0.21070000', 'size': '87.00000000', 'side': 'sell'}, {'time': '2020-03-04T23:35:03.148Z', 'trade_id': 1104262, 'price': '0.21100000', 'size': '10049.00000000', 'side': 'buy'}, {'time': '2020-03-04T23:35:03.148Z', 'trade_id': 1104261, 'price': '0.21110000', 'size': '3419.00000000', 'side': 'buy'}, {'time': '2020-03-04T23:35:03.148Z', 'trade_id': 1104260, 'price': '0.21110000', 'size': '1532.00000000', 'side': 'buy'}, {'time': '2020-03-04T23:35:00.969Z', 'trade_id': 1104259, 'price': '0.21110000', 'size': '63.00000000', 'side': 'buy'}, {'time': '2020-03-04T23:34:44.937Z', 'trade_id': 1104258, 'price': '0.21110000', 'size': '12946.00000000', 'side': 'buy'}, {'time': '2020-03-04T23:34:44.937Z', 'trade_id': 1104257, 'price': '0.21120000', 'size': '1800.00000000', 'side': 'buy'}, {'time': '2020-03-04T23:34:44.937Z', 'trade_id': 1104256, 'price': '0.21120000', 'size': '254.00000000', 'side': 'buy'}, {'time': '2020-03-04T23:33:59.238Z', 'trade_id': 1104255, 'price': '0.21150000', 'size': '2.00000000', 'side': 'buy'}, {'time': '2020-03-04T23:33:59.238Z', 'trade_id': 1104254, 'price': '0.21150000', 'size': '300.00000000', 'side': 'buy'}, {'time': '2020-03-04T23:31:19.209Z', 'trade_id': 1104253, 'price': '0.21170000', 'size': '275.00000000', 'side': 'sell'}, {'time': '2020-03-04T23:31:19.209Z', 'trade_id': 1104252, 'price': '0.21160000', 'size': '175.00000000', 'side': 'sell'}, {'time': '2020-03-04T23:30:01.159Z', 'trade_id': 1104251, 'price': '0.21120000', 'size': '86.00000000', 'side': 'buy'}, {'time': '2020-03-04T23:29:46.359Z', 'trade_id': 1104250, 'price': '0.21140000', 'size': '101.00000000', 'side': 'sell'}, {'time': '2020-03-04T23:26:37.42Z', 'trade_id': 1104249, 'price': '0.21180000', 'size': '10.00000000', 'side': 'sell'}, {'time': '2020-03-04T23:26:03.186Z', 'trade_id': 1104248, 'price': '0.21170000', 'size': '110.00000000', 'side': 'sell'}, {'time': '2020-03-04T23:25:33.876Z', 'trade_id': 1104247, 'price': '0.21160000', 'size': '42.00000000', 'side': 'sell'}, {'time': '2020-03-04T23:25:10.917Z', 'trade_id': 1104246, 'price': '0.21150000', 'size': '2352.00000000', 'side': 'sell'}, {'time': '2020-03-04T23:25:10.917Z', 'trade_id': 1104245, 'price': '0.21140000', 'size': '300.00000000', 'side': 'sell'}, {'time': '2020-03-04T23:25:10.917Z', 'trade_id': 1104244, 'price': '0.21140000', 'size': '1272.00000000', 'side': 'sell'}, {'time': '2020-03-04T23:25:10.917Z', 'trade_id': 1104243, 'price': '0.21130000', 'size': '602.00000000', 'side': 'sell'}, {'time': '2020-03-04T23:25:01.264Z', 'trade_id': 1104242, 'price': '0.21110000', 'size': '451.00000000', 'side': 'buy'}, {'time': '2020-03-04T23:25:01.038Z', 'trade_id': 1104241, 'price': '0.21110000', 'size': '151.00000000', 'side': 'buy'}, {'time': '2020-03-04T23:25:01.038Z', 'trade_id': 1104240, 'price': '0.21120000', 'size': '300.00000000', 'side': 'buy'}, {'time': '2020-03-04T23:24:02.929Z', 'trade_id': 1104239, 'price': '0.21140000', 'size': '678.00000000', 'side': 'sell'}, {'time': '2020-03-04T23:23:28.535Z', 'trade_id': 1104238, 'price': '0.21110000', 'size': '285.00000000', 'side': 'sell'}, {'time': '2020-03-04T23:20:25.952Z', 'trade_id': 1104237, 'price': '0.21100000', 'size': '1768.00000000', 'side': 'buy'}, {'time': '2020-03-04T23:20:25.952Z', 'trade_id': 1104236, 'price': '0.21100000', 'size': '3419.00000000', 'side': 'buy'}, {'time': '2020-03-04T23:20:18.577Z', 'trade_id': 1104235, 'price': '0.21120000', 'size': '131.00000000', 'side': 'sell'}, {'time': '2020-03-04T23:19:01.722Z', 'trade_id': 1104234, 'price': '0.21100000', 'size': '63.00000000', 'side': 'sell'}, {'time': '2020-03-04T23:17:59.8Z', 'trade_id': 1104233, 'price': '0.21140000', 'size': '225.00000000', 'side': 'sell'}, {'time': '2020-03-04T23:16:49.004Z', 'trade_id': 1104232, 'price': '0.21190000', 'size': '18.00000000', 'side': 'sell'}, {'time': '2020-03-04T23:16:29.758Z', 'trade_id': 1104231, 'price': '0.21190000', 'size': '63.00000000', 'side': 'sell'}, {'time': '2020-03-04T23:15:01.842Z', 'trade_id': 1104230, 'price': '0.21170000', 'size': '452.00000000', 'side': 'buy'}, {'time': '2020-03-04T23:15:01.599Z', 'trade_id': 1104229, 'price': '0.21170000', 'size': '152.00000000', 'side': 'buy'}, {'time': '2020-03-04T23:15:01.599Z', 'trade_id': 1104228, 'price': '0.21180000', 'size': '300.00000000', 'side': 'buy'}, {'time': '2020-03-04T23:14:51.885Z', 'trade_id': 1104227, 'price': '0.21200000', 'size': '230.00000000', 'side': 'sell'}, {'time': '2020-03-04T23:13:31.36Z', 'trade_id': 1104226, 'price': '0.21200000', 'size': '2.00000000', 'side': 'sell'}, {'time': '2020-03-04T23:13:31.36Z', 'trade_id': 1104225, 'price': '0.21200000', 'size': '35.00000000', 'side': 'sell'}, {'time': '2020-03-04T23:12:46.111Z', 'trade_id': 1104224, 'price': '0.21210000', 'size': '287.00000000', 'side': 'sell'}, {'time': '2020-03-04T23:12:38.515Z', 'trade_id': 1104223, 'price': '0.21200000', 'size': '96.00000000', 'side': 'sell'}, {'time': '2020-03-04T23:12:31.117Z', 'trade_id': 1104222, 'price': '0.21190000', 'size': '86.00000000', 'side': 'sell'}, {'time': '2020-03-04T23:12:24.42Z', 'trade_id': 1104221, 'price': '0.21170000', 'size': '131.00000000', 'side': 'buy'}, {'time': '2020-03-04T23:12:20.46Z', 'trade_id': 1104220, 'price': '0.21170000', 'size': '204.00000000', 'side': 'buy'}, {'time': '2020-03-04T23:12:20.46Z', 'trade_id': 1104219, 'price': '0.21180000', 'size': '115.00000000', 'side': 'buy'}, {'time': '2020-03-04T23:11:37.969Z', 'trade_id': 1104218, 'price': '0.21180000', 'size': '54.00000000', 'side': 'buy'}, {'time': '2020-03-04T23:11:31.385Z', 'trade_id': 1104217, 'price': '0.21200000', 'size': '131.00000000', 'side': 'sell'}, {'time': '2020-03-04T23:11:14.844Z', 'trade_id': 1104216, 'price': '0.21210000', 'size': '18.00000000', 'side': 'sell'}, {'time': '2020-03-04T23:11:13.853Z', 'trade_id': 1104215, 'price': '0.21180000', 'size': '131.00000000', 'side': 'buy'}, {'time': '2020-03-04T23:10:50.033Z', 'trade_id': 1104214, 'price': '0.21210000', 'size': '289.00000000', 'side': 'sell'}, {'time': '2020-03-04T23:10:23.842Z', 'trade_id': 1104213, 'price': '0.21180000', 'size': '321.00000000', 'side': 'buy'}, {'time': '2020-03-04T23:10:19.854Z', 'trade_id': 1104212, 'price': '0.21220000', 'size': '131.00000000', 'side': 'sell'}, {'time': '2020-03-04T23:07:53.055Z', 'trade_id': 1104211, 'price': '0.21210000', 'size': '177.00000000', 'side': 'sell'}, {'time': '2020-03-04T23:06:03.003Z', 'trade_id': 1104210, 'price': '0.21210000', 'size': '168.00000000', 'side': 'sell'}, {'time': '2020-03-04T23:06:03.003Z', 'trade_id': 1104209, 'price': '0.21210000', 'size': '283.00000000', 'side': 'sell'}, {'time': '2020-03-04T23:05:35.442Z', 'trade_id': 1104208, 'price': '0.21190000', 'size': '151.00000000', 'side': 'sell'}, {'time': '2020-03-04T23:05:35.442Z', 'trade_id': 1104207, 'price': '0.21190000', 'size': '300.00000000', 'side': 'sell'}, {'time': '2020-03-04T23:04:23.622Z', 'trade_id': 1104206, 'price': '0.21160000', 'size': '1654.00000000', 'side': 'buy'}, {'time': '2020-03-04T23:02:47.328Z', 'trade_id': 1104205, 'price': '0.21160000', 'size': '18.00000000', 'side': 'buy'}, {'time': '2020-03-04T23:01:46.806Z', 'trade_id': 1104204, 'price': '0.21170000', 'size': '18.00000000', 'side': 'sell'}, {'time': '2020-03-04T23:01:05.352Z', 'trade_id': 1104203, 'price': '0.21140000', 'size': '248.00000000', 'side': 'buy'}, {'time': '2020-03-04T22:58:52.173Z', 'trade_id': 1104202, 'price': '0.21160000', 'size': '452.00000000', 'side': 'sell'}, {'time': '2020-03-04T22:57:51.702Z', 'trade_id': 1104201, 'price': '0.21160000', 'size': '452.00000000', 'side': 'sell'}, {'time': '2020-03-04T22:56:57.777Z', 'trade_id': 1104200, 'price': '0.21130000', 'size': '178.00000000', 'side': 'sell'}, {'time': '2020-03-04T22:56:17.021Z', 'trade_id': 1104199, 'price': '0.21130000', 'size': '248.00000000', 'side': 'sell'}, {'time': '2020-03-04T22:56:15.813Z', 'trade_id': 1104198, 'price': '0.21130000', 'size': '226.00000000', 'side': 'sell'}, {'time': '2020-03-04T22:55:01.467Z', 'trade_id': 1104197, 'price': '0.21120000', 'size': '225.00000000', 'side': 'buy'}, {'time': '2020-03-04T22:53:33.281Z', 'trade_id': 1104196, 'price': '0.21160000', 'size': '131.00000000', 'side': 'sell'}, {'time': '2020-03-04T22:51:29.283Z', 'trade_id': 1104195, 'price': '0.21130000', 'size': '116.00000000', 'side': 'buy'}, {'time': '2020-03-04T22:50:07.782Z', 'trade_id': 1104194, 'price': '0.21160000', 'size': '14.00000000', 'side': 'sell'}, {'time': '2020-03-04T22:49:36.18Z', 'trade_id': 1104193, 'price': '0.21130000', 'size': '115.00000000', 'side': 'buy'}, {'time': '2020-03-04T22:49:36.18Z', 'trade_id': 1104192, 'price': '0.21130000', 'size': '287.00000000', 'side': 'buy'}, {'time': '2020-03-04T22:49:09.668Z', 'trade_id': 1104191, 'price': '0.21160000', 'size': '4521.00000000', 'side': 'sell'}, {'time': '2020-03-04T22:47:34.89Z', 'trade_id': 1104190, 'price': '0.21110000', 'size': '138.00000000', 'side': 'buy'}, {'time': '2020-03-04T22:47:34.89Z', 'trade_id': 1104189, 'price': '0.21120000', 'size': '300.00000000', 'side': 'buy'}, {'time': '2020-03-04T22:44:47.107Z', 'trade_id': 1104188, 'price': '0.21150000', 'size': '270.00000000', 'side': 'sell'}, {'time': '2020-03-04T22:44:47.107Z', 'trade_id': 1104187, 'price': '0.21140000', 'size': '300.00000000', 'side': 'sell'}, {'time': '2020-03-04T22:44:18.299Z', 'trade_id': 1104186, 'price': '0.21110000', 'size': '605.00000000', 'side': 'buy'}, {'time': '2020-03-04T22:43:53.867Z', 'trade_id': 1104185, 'price': '0.21110000', 'size': '4.00000000', 'side': 'buy'}, {'time': '2020-03-04T22:43:53.301Z', 'trade_id': 1104184, 'price': '0.21110000', 'size': '19.00000000', 'side': 'buy'}, {'time': '2020-03-04T22:42:00.407Z', 'trade_id': 1104183, 'price': '0.21120000', 'size': '104.00000000', 'side': 'sell'}, {'time': '2020-03-04T22:42:00.407Z', 'trade_id': 1104182, 'price': '0.21120000', 'size': '122.00000000', 'side': 'sell'}, {'time': '2020-03-04T22:41:46.325Z', 'trade_id': 1104181, 'price': '0.21120000', 'size': '178.00000000', 'side': 'sell'}, {'time': '2020-03-04T22:41:07.188Z', 'trade_id': 1104180, 'price': '0.21120000', 'size': '219.00000000', 'side': 'buy'}, {'time': '2020-03-04T22:40:18.18Z', 'trade_id': 1104179, 'price': '0.21140000', 'size': '452.00000000', 'side': 'sell'}, {'time': '2020-03-04T22:40:11.63Z', 'trade_id': 1104178, 'price': '0.21140000', 'size': '113.00000000', 'side': 'sell'}, {'time': '2020-03-04T22:40:11.63Z', 'trade_id': 1104177, 'price': '0.21140000', 'size': '1018.00000000', 'side': 'sell'}, {'time': '2020-03-04T22:40:07.684Z', 'trade_id': 1104176, 'price': '0.21150000', 'size': '6969.00000000', 'side': 'sell'}, {'time': '2020-03-04T22:40:07.684Z', 'trade_id': 1104175, 'price': '0.21150000', 'size': '267.00000000', 'side': 'sell'}, {'time': '2020-03-04T22:40:01.291Z', 'trade_id': 1104174, 'price': '0.21120000', 'size': '18.00000000', 'side': 'buy'}, {'time': '2020-03-04T22:40:00.801Z', 'trade_id': 1104173, 'price': '0.21160000', 'size': '82.00000000', 'side': 'sell'}, {'time': '2020-03-04T22:39:34.902Z', 'trade_id': 1104172, 'price': '0.21160000', 'size': '225.00000000', 'side': 'sell'}, {'time': '2020-03-04T22:37:50.413Z', 'trade_id': 1104171, 'price': '0.21200000', 'size': '271.00000000', 'side': 'buy'}, {'time': '2020-03-04T22:36:46.335Z', 'trade_id': 1104170, 'price': '0.21200000', 'size': '892.00000000', 'side': 'buy'}, {'time': '2020-03-04T22:36:46.335Z', 'trade_id': 1104169, 'price': '0.21210000', 'size': '91.00000000', 'side': 'buy'}, {'time': '2020-03-04T22:36:46.335Z', 'trade_id': 1104168, 'price': '0.21210000', 'size': '10.00000000', 'side': 'buy'}, {'time': '2020-03-04T22:36:31.537Z', 'trade_id': 1104167, 'price': '0.21220000', 'size': '7.00000000', 'side': 'buy'}, {'time': '2020-03-04T22:36:18.445Z', 'trade_id': 1104166, 'price': '0.21220000', 'size': '5180.00000000', 'side': 'buy'}, {'time': '2020-03-04T22:36:11.114Z', 'trade_id': 1104165, 'price': '0.21240000', 'size': '563.00000000', 'side': 'sell'}, {'time': '2020-03-04T22:36:05.373Z', 'trade_id': 1104164, 'price': '0.21240000', 'size': '42.00000000', 'side': 'sell'}, {'time': '2020-03-04T22:35:34.15Z', 'trade_id': 1104163, 'price': '0.21220000', 'size': '454.00000000', 'side': 'buy'}, {'time': '2020-03-04T22:35:34.15Z', 'trade_id': 1104162, 'price': '0.21220000', 'size': '144.00000000', 'side': 'buy'}, {'time': '2020-03-04T22:35:00.906Z', 'trade_id': 1104161, 'price': '0.21220000', 'size': '156.00000000', 'side': 'buy'}, {'time': '2020-03-04T22:33:38.613Z', 'trade_id': 1104160, 'price': '0.21250000', 'size': '161.00000000', 'side': 'sell'}, {'time': '2020-03-04T22:33:38.613Z', 'trade_id': 1104159, 'price': '0.21240000', 'size': '300.00000000', 'side': 'sell'}, {'time': '2020-03-04T22:33:38.44Z', 'trade_id': 1104158, 'price': '0.21210000', 'size': '957.00000000', 'side': 'buy'}, {'time': '2020-03-04T22:31:59.186Z', 'trade_id': 1104157, 'price': '0.21200000', 'size': '9.00000000', 'side': 'buy'}, {'time': '2020-03-04T22:31:58.875Z', 'trade_id': 1104156, 'price': '0.21200000', 'size': '4200.00000000', 'side': 'buy'}, {'time': '2020-03-04T22:31:49.346Z', 'trade_id': 1104155, 'price': '0.21220000', 'size': '365.00000000', 'side': 'sell'}, {'time': '2020-03-04T22:31:49.346Z', 'trade_id': 1104154, 'price': '0.21220000', 'size': '3844.00000000', 'side': 'sell'}, {'time': '2020-03-04T22:31:49.346Z', 'trade_id': 1104153, 'price': '0.21210000', 'size': '300.00000000', 'side': 'sell'}, {'time': '2020-03-04T22:31:27.752Z', 'trade_id': 1104152, 'price': '0.21160000', 'size': '99.00000000', 'side': 'buy'}, {'time': '2020-03-04T22:31:27.752Z', 'trade_id': 1104151, 'price': '0.21170000', 'size': '185.00000000', 'side': 'buy'}, {'time': '2020-03-04T22:31:02.641Z', 'trade_id': 1104150, 'price': '0.21150000', 'size': '239.00000000', 'side': 'sell'}, {'time': '2020-03-04T22:30:54.229Z', 'trade_id': 1104149, 'price': '0.21140000', 'size': '405.00000000', 'side': 'sell'}, {'time': '2020-03-04T22:29:19.367Z', 'trade_id': 1104148, 'price': '0.21140000', 'size': '87.00000000', 'side': 'sell'}, {'time': '2020-03-04T22:28:47.932Z', 'trade_id': 1104147, 'price': '0.21140000', 'size': '556.00000000', 'side': 'sell'}, {'time': '2020-03-04T22:28:19.017Z', 'trade_id': 1104146, 'price': '0.21120000', 'size': '590.00000000', 'side': 'buy'}, {'time': '2020-03-04T22:27:40.936Z', 'trade_id': 1104145, 'price': '0.21120000', 'size': '9.00000000', 'side': 'buy'}, {'time': '2020-03-04T22:27:40.882Z', 'trade_id': 1104144, 'price': '0.21120000', 'size': '291.00000000', 'side': 'buy'}, {'time': '2020-03-04T22:27:40.882Z', 'trade_id': 1104143, 'price': '0.21120000', 'size': '7689.00000000', 'side': 'buy'}, {'time': '2020-03-04T22:26:31.91Z', 'trade_id': 1104142, 'price': '0.21080000', 'size': '87.00000000', 'side': 'sell'}, {'time': '2020-03-04T22:25:50.527Z', 'trade_id': 1104141, 'price': '0.21090000', 'size': '1394.00000000', 'side': 'sell'}, {'time': '2020-03-04T22:24:37.615Z', 'trade_id': 1104140, 'price': '0.21060000', 'size': '87.00000000', 'side': 'sell'}, {'time': '2020-03-04T22:22:43.849Z', 'trade_id': 1104139, 'price': '0.21060000', 'size': '18.00000000', 'side': 'sell'}, {'time': '2020-03-04T22:21:47.81Z', 'trade_id': 1104138, 'price': '0.21050000', 'size': '187.00000000', 'side': 'sell'}, {'time': '2020-03-04T22:21:47.81Z', 'trade_id': 1104137, 'price': '0.21040000', 'size': '361.00000000', 'side': 'sell'}, {'time': '2020-03-04T22:21:19.528Z', 'trade_id': 1104136, 'price': '0.21020000', 'size': '283.00000000', 'side': 'buy'}, {'time': '2020-03-04T22:21:19.528Z', 'trade_id': 1104135, 'price': '0.21020000', 'size': '300.00000000', 'side': 'buy'}, {'time': '2020-03-04T22:20:29.518Z', 'trade_id': 1104134, 'price': '0.21060000', 'size': '97.00000000', 'side': 'sell'}, {'time': '2020-03-04T22:20:29.518Z', 'trade_id': 1104133, 'price': '0.21060000', 'size': '300.00000000', 'side': 'sell'}, {'time': '2020-03-04T22:20:00.891Z', 'trade_id': 1104132, 'price': '0.21030000', 'size': '500.00000000', 'side': 'buy'}, {'time': '2020-03-04T22:18:46.277Z', 'trade_id': 1104131, 'price': '0.21010000', 'size': '226.00000000', 'side': 'buy'}, {'time': '2020-03-04T22:18:11.727Z', 'trade_id': 1104130, 'price': '0.21050000', 'size': '226.00000000', 'side': 'sell'}, {'time': '2020-03-04T22:15:07.115Z', 'trade_id': 1104129, 'price': '0.21050000', 'size': '152.00000000', 'side': 'sell'}, {'time': '2020-03-04T22:15:07.115Z', 'trade_id': 1104128, 'price': '0.21040000', 'size': '4.00000000', 'side': 'sell'}, {'time': '2020-03-04T22:15:02.337Z', 'trade_id': 1104127, 'price': '0.21010000', 'size': '500.00000000', 'side': 'buy'}, {'time': '2020-03-04T22:15:01.958Z', 'trade_id': 1104126, 'price': '0.21010000', 'size': '454.00000000', 'side': 'buy'}, {'time': '2020-03-04T22:15:01.15Z', 'trade_id': 1104125, 'price': '0.21010000', 'size': '42.00000000', 'side': 'buy'}, {'time': '2020-03-04T22:14:53.705Z', 'trade_id': 1104124, 'price': '0.21050000', 'size': '536.00000000', 'side': 'sell'}, {'time': '2020-03-04T22:14:53.705Z', 'trade_id': 1104123, 'price': '0.21040000', 'size': '4.00000000', 'side': 'sell'}, {'time': '2020-03-04T22:14:47.669Z', 'trade_id': 1104122, 'price': '0.21050000', 'size': '37.00000000', 'side': 'sell'}, {'time': '2020-03-04T22:14:47.669Z', 'trade_id': 1104121, 'price': '0.21040000', 'size': '10.00000000', 'side': 'sell'}, {'time': '2020-03-04T22:14:31.097Z', 'trade_id': 1104120, 'price': '0.21010000', 'size': '575.00000000', 'side': 'buy'}, {'time': '2020-03-04T22:14:07.577Z', 'trade_id': 1104119, 'price': '0.21050000', 'size': '110.00000000', 'side': 'sell'}, {'time': '2020-03-04T22:14:07.577Z', 'trade_id': 1104118, 'price': '0.21040000', 'size': '22.00000000', 'side': 'sell'}, {'time': '2020-03-04T22:12:16.196Z', 'trade_id': 1104117, 'price': '0.21010000', 'size': '80.00000000', 'side': 'buy'}, {'time': '2020-03-04T22:12:16.196Z', 'trade_id': 1104116, 'price': '0.21020000', 'size': '200.00000000', 'side': 'buy'}, {'time': '2020-03-04T22:10:30.986Z', 'trade_id': 1104115, 'price': '0.21020000', 'size': '100.00000000', 'side': 'buy'}, {'time': '2020-03-04T22:09:59.396Z', 'trade_id': 1104114, 'price': '0.21040000', 'size': '40.00000000', 'side': 'sell'}, {'time': '2020-03-04T22:09:59.396Z', 'trade_id': 1104113, 'price': '0.21030000', 'size': '47.00000000', 'side': 'sell'}, {'time': '2020-03-04T22:08:17.283Z', 'trade_id': 1104112, 'price': '0.21040000', 'size': '178.00000000', 'side': 'sell'}, {'time': '2020-03-04T22:08:17.283Z', 'trade_id': 1104111, 'price': '0.21040000', 'size': '300.00000000', 'side': 'sell'}, {'time': '2020-03-04T22:07:38.245Z', 'trade_id': 1104110, 'price': '0.21030000', 'size': '533.00000000', 'side': 'sell'}, {'time': '2020-03-04T22:07:12.128Z', 'trade_id': 1104109, 'price': '0.21010000', 'size': '567.00000000', 'side': 'buy'}, {'time': '2020-03-04T22:06:45.699Z', 'trade_id': 1104108, 'price': '0.21030000', 'size': '4.00000000', 'side': 'sell'}, {'time': '2020-03-04T22:05:30.023Z', 'trade_id': 1104107, 'price': '0.21050000', 'size': '132.00000000', 'side': 'sell'}, {'time': '2020-03-04T22:05:23.581Z', 'trade_id': 1104106, 'price': '0.21050000', 'size': '500.00000000', 'side': 'sell'}, {'time': '2020-03-04T22:04:33.708Z', 'trade_id': 1104105, 'price': '0.21010000', 'size': '505.00000000', 'side': 'sell'}, {'time': '2020-03-04T22:03:38.029Z', 'trade_id': 1104104, 'price': '0.21010000', 'size': '250.00000000', 'side': 'sell'}, {'time': '2020-03-04T22:03:26.579Z', 'trade_id': 1104103, 'price': '0.21010000', 'size': '100.00000000', 'side': 'sell'}, {'time': '2020-03-04T22:02:55.039Z', 'trade_id': 1104102, 'price': '0.21010000', 'size': '866.00000000', 'side': 'sell'}, {'time': '2020-03-04T22:02:55.039Z', 'trade_id': 1104101, 'price': '0.21010000', 'size': '300.00000000', 'side': 'sell'}, {'time': '2020-03-04T22:01:50.157Z', 'trade_id': 1104100, 'price': '0.21020000', 'size': '1799.00000000', 'side': 'buy'}, {'time': '2020-03-04T22:01:50.157Z', 'trade_id': 1104099, 'price': '0.21020000', 'size': '183.00000000', 'side': 'buy'}, {'time': '2020-03-04T22:01:50.157Z', 'trade_id': 1104098, 'price': '0.21030000', 'size': '3857.00000000', 'side': 'buy'}, {'time': '2020-03-04T22:01:50.157Z', 'trade_id': 1104097, 'price': '0.21030000', 'size': '3857.00000000', 'side': 'buy'}, {'time': '2020-03-04T22:01:50.157Z', 'trade_id': 1104096, 'price': '0.21030000', 'size': '54.00000000', 'side': 'buy'}, {'time': '2020-03-04T22:00:50.746Z', 'trade_id': 1104095, 'price': '0.21060000', 'size': '226.00000000', 'side': 'sell'}, {'time': '2020-03-04T22:00:47.03Z', 'trade_id': 1104094, 'price': '0.21060000', 'size': '500.00000000', 'side': 'sell'}, {'time': '2020-03-04T22:00:21.488Z', 'trade_id': 1104093, 'price': '0.21040000', 'size': '54.00000000', 'side': 'sell'}, {'time': '2020-03-04T21:59:55.391Z', 'trade_id': 1104092, 'price': '0.21040000', 'size': '20.00000000', 'side': 'sell'}, {'time': '2020-03-04T21:59:50.939Z', 'trade_id': 1104091, 'price': '0.21040000', 'size': '10.00000000', 'side': 'sell'}, {'time': '2020-03-04T21:59:20.32Z', 'trade_id': 1104090, 'price': '0.21020000', 'size': '2245.00000000', 'side': 'buy'}, {'time': '2020-03-04T21:59:20.32Z', 'trade_id': 1104089, 'price': '0.21030000', 'size': '300.00000000', 'side': 'buy'}, {'time': '2020-03-04T21:58:46.959Z', 'trade_id': 1104088, 'price': '0.21050000', 'size': '525.00000000', 'side': 'sell'}, {'time': '2020-03-04T21:58:45.93Z', 'trade_id': 1104087, 'price': '0.21050000', 'size': '2545.00000000', 'side': 'sell'}, {'time': '2020-03-04T21:58:41.351Z', 'trade_id': 1104086, 'price': '0.21050000', 'size': '200.00000000', 'side': 'sell'}, {'time': '2020-03-04T21:58:41.351Z', 'trade_id': 1104085, 'price': '0.21040000', 'size': '300.00000000', 'side': 'sell'}, {'time': '2020-03-04T21:58:34.754Z', 'trade_id': 1104084, 'price': '0.21050000', 'size': '454.00000000', 'side': 'sell'}, {'time': '2020-03-04T21:58:20.915Z', 'trade_id': 1104083, 'price': '0.21020000', 'size': '260.00000000', 'side': 'buy'}, {'time': '2020-03-04T21:58:20.915Z', 'trade_id': 1104082, 'price': '0.21020000', 'size': '300.00000000', 'side': 'buy'}, {'time': '2020-03-04T21:55:14.048Z', 'trade_id': 1104081, 'price': '0.21070000', 'size': '930.00000000', 'side': 'sell'}, {'time': '2020-03-04T21:55:12.032Z', 'trade_id': 1104080, 'price': '0.21070000', 'size': '42.00000000', 'side': 'sell'}, {'time': '2020-03-04T21:54:44.729Z', 'trade_id': 1104079, 'price': '0.21070000', 'size': '513.00000000', 'side': 'sell'}, {'time': '2020-03-04T21:54:25.647Z', 'trade_id': 1104078, 'price': '0.21060000', 'size': '82.00000000', 'side': 'sell'}, {'time': '2020-03-04T21:53:25.849Z', 'trade_id': 1104077, 'price': '0.21040000', 'size': '30.00000000', 'side': 'buy'}, {'time': '2020-03-04T21:53:24.556Z', 'trade_id': 1104076, 'price': '0.21070000', 'size': '1927.00000000', 'side': 'sell'}, {'time': '2020-03-04T21:53:24.556Z', 'trade_id': 1104075, 'price': '0.21060000', 'size': '2230.00000000', 'side': 'sell'}, {'time': '2020-03-04T21:53:03.567Z', 'trade_id': 1104074, 'price': '0.21060000', 'size': '200.00000000', 'side': 'sell'}, {'time': '2020-03-04T21:52:51.696Z', 'trade_id': 1104073, 'price': '0.21060000', 'size': '111.00000000', 'side': 'sell'}, {'time': '2020-03-04T21:52:12.8Z', 'trade_id': 1104072, 'price': '0.21040000', 'size': '227.00000000', 'side': 'sell'}, {'time': '2020-03-04T21:51:04.913Z', 'trade_id': 1104071, 'price': '0.21040000', 'size': '59.00000000', 'side': 'sell'}, {'time': '2020-03-04T21:50:29.458Z', 'trade_id': 1104070, 'price': '0.20990000', 'size': '2230.00000000', 'side': 'buy'}, {'time': '2020-03-04T21:50:19.867Z', 'trade_id': 1104069, 'price': '0.21030000', 'size': '517.00000000', 'side': 'sell'}, {'time': '2020-03-04T21:50:14.062Z', 'trade_id': 1104068, 'price': '0.21030000', 'size': '910.00000000', 'side': 'sell'}, {'time': '2020-03-04T21:49:55.409Z', 'trade_id': 1104067, 'price': '0.21030000', 'size': '430.00000000', 'side': 'sell'}, {'time': '2020-03-04T21:49:55.409Z', 'trade_id': 1104066, 'price': '0.21010000', 'size': '1800.00000000', 'side': 'sell'}, {'time': '2020-03-04T21:49:49.894Z', 'trade_id': 1104065, 'price': '0.20990000', 'size': '552.00000000', 'side': 'buy'}, {'time': '2020-03-04T21:47:05.483Z', 'trade_id': 1104064, 'price': '0.21020000', 'size': '473.00000000', 'side': 'buy'}, {'time': '2020-03-04T21:47:05.483Z', 'trade_id': 1104063, 'price': '0.21020000', 'size': '1800.00000000', 'side': 'buy'}, {'time': '2020-03-04T21:46:40.986Z', 'trade_id': 1104062, 'price': '0.21050000', 'size': '226.00000000', 'side': 'sell'}, {'time': '2020-03-04T21:46:32.168Z', 'trade_id': 1104061, 'price': '0.21050000', 'size': '1861.00000000', 'side': 'sell'}, {'time': '2020-03-04T21:46:32.168Z', 'trade_id': 1104060, 'price': '0.21040000', 'size': '412.00000000', 'side': 'sell'}, {'time': '2020-03-04T21:46:28.983Z', 'trade_id': 1104059, 'price': '0.21040000', 'size': '87.00000000', 'side': 'sell'}, {'time': '2020-03-04T21:46:01.232Z', 'trade_id': 1104058, 'price': '0.21010000', 'size': '2524.00000000', 'side': 'buy'}, {'time': '2020-03-04T21:45:57.546Z', 'trade_id': 1104057, 'price': '0.21020000', 'size': '499.00000000', 'side': 'buy'}, {'time': '2020-03-04T21:45:57.546Z', 'trade_id': 1104056, 'price': '0.21020000', 'size': '300.00000000', 'side': 'buy'}, {'time': '2020-03-04T21:45:45.802Z', 'trade_id': 1104055, 'price': '0.21040000', 'size': '799.00000000', 'side': 'sell'}, {'time': '2020-03-04T21:45:44.226Z', 'trade_id': 1104054, 'price': '0.21040000', 'size': '454.00000000', 'side': 'sell'}, {'time': '2020-03-04T21:45:22.273Z', 'trade_id': 1104053, 'price': '0.21040000', 'size': '2224.00000000', 'side': 'sell'}, {'time': '2020-03-04T21:45:22.273Z', 'trade_id': 1104052, 'price': '0.21040000', 'size': '300.00000000', 'side': 'sell'}, {'time': '2020-03-04T21:42:54.913Z', 'trade_id': 1104051, 'price': '0.21020000', 'size': '932.00000000', 'side': 'sell'}, {'time': '2020-03-04T21:42:54.42Z', 'trade_id': 1104050, 'price': '0.21020000', 'size': '78.00000000', 'side': 'sell'}, {'time': '2020-03-04T21:42:54.42Z', 'trade_id': 1104049, 'price': '0.21010000', 'size': '9.00000000', 'side': 'sell'}, {'time': '2020-03-04T21:41:40.914Z', 'trade_id': 1104048, 'price': '0.21010000', 'size': '100.00000000', 'side': 'sell'}, {'time': '2020-03-04T21:41:33.285Z', 'trade_id': 1104047, 'price': '0.20980000', 'size': '161.00000000', 'side': 'buy'}, {'time': '2020-03-04T21:41:12.671Z', 'trade_id': 1104046, 'price': '0.21010000', 'size': '227.00000000', 'side': 'sell'}, {'time': '2020-03-04T21:41:03.38Z', 'trade_id': 1104045, 'price': '0.21020000', 'size': '514.00000000', 'side': 'sell'}, {'time': '2020-03-04T21:41:03.38Z', 'trade_id': 1104044, 'price': '0.21010000', 'size': '368.00000000', 'side': 'sell'}, {'time': '2020-03-04T21:40:05.487Z', 'trade_id': 1104043, 'price': '0.21000000', 'size': '23.00000000', 'side': 'buy'}, {'time': '2020-03-04T21:36:24.272Z', 'trade_id': 1104042, 'price': '0.21070000', 'size': '509.00000000', 'side': 'sell'}, {'time': '2020-03-04T21:35:57.457Z', 'trade_id': 1104041, 'price': '0.21070000', 'size': '1395.00000000', 'side': 'sell'}, {'time': '2020-03-04T21:35:53.646Z', 'trade_id': 1104040, 'price': '0.21040000', 'size': '244.00000000', 'side': 'buy'}, {'time': '2020-03-04T21:35:53.646Z', 'trade_id': 1104039, 'price': '0.21050000', 'size': '300.00000000', 'side': 'buy'}, {'time': '2020-03-04T21:34:29.379Z', 'trade_id': 1104038, 'price': '0.21050000', 'size': '12.00000000', 'side': 'sell'}, {'time': '2020-03-04T21:33:47.296Z', 'trade_id': 1104037, 'price': '0.21050000', 'size': '161.00000000', 'side': 'sell'}, {'time': '2020-03-04T21:32:43.772Z', 'trade_id': 1104036, 'price': '0.21000000', 'size': '61.00000000', 'side': 'buy'}, {'time': '2020-03-04T21:32:23.288Z', 'trade_id': 1104035, 'price': '0.21030000', 'size': '695.00000000', 'side': 'sell'}, {'time': '2020-03-04T21:31:53.189Z', 'trade_id': 1104034, 'price': '0.21030000', 'size': '250.00000000', 'side': 'sell'}, {'time': '2020-03-04T21:29:42.552Z', 'trade_id': 1104033, 'price': '0.21060000', 'size': '820.00000000', 'side': 'sell'}, {'time': '2020-03-04T21:29:42.552Z', 'trade_id': 1104032, 'price': '0.21060000', 'size': '110.00000000', 'side': 'sell'}, {'time': '2020-03-04T21:27:20.119Z', 'trade_id': 1104031, 'price': '0.20990000', 'size': '10.00000000', 'side': 'buy'}, {'time': '2020-03-04T21:26:37.009Z', 'trade_id': 1104030, 'price': '0.20990000', 'size': '358.00000000', 'side': 'buy'}, {'time': '2020-03-04T21:25:55.984Z', 'trade_id': 1104029, 'price': '0.20980000', 'size': '139.00000000', 'side': 'buy'}, {'time': '2020-03-04T21:25:27.881Z', 'trade_id': 1104028, 'price': '0.21020000', 'size': '1515.00000000', 'side': 'sell'}, {'time': '2020-03-04T21:24:02.365Z', 'trade_id': 1104027, 'price': '0.21020000', 'size': '119.00000000', 'side': 'sell'}, {'time': '2020-03-04T21:23:21.115Z', 'trade_id': 1104026, 'price': '0.21020000', 'size': '37.00000000', 'side': 'sell'}, {'time': '2020-03-04T21:22:14.216Z', 'trade_id': 1104025, 'price': '0.21020000', 'size': '2058.00000000', 'side': 'sell'}, {'time': '2020-03-04T21:22:14.216Z', 'trade_id': 1104024, 'price': '0.21010000', 'size': '201.00000000', 'side': 'sell'}, {'time': '2020-03-04T21:22:10.598Z', 'trade_id': 1104023, 'price': '0.21010000', 'size': '87.00000000', 'side': 'sell'}, 'message']